1971 3126
228 298 320 350 quae
352 297 453 329 cum
491 298 544 328 eo
576 283 621 328 in
654 297 816 346 genere
845 281 956 329 clara
987 316 1002 337 ,
1040 294 1166 350 atque
1204 288 1378 350 egregia
1403 318 1417 340 ‚
1456 285 1624 335 eadem-

227 371 311 421 que
351 371 512 418 magno
539 372 724 402 numero
763 353 937 402 dederit
965 372 981 416 3
1028 367 1119 404 tum
1155 358 1376 406 constante
1412 356 1523 406 fama
1556 377 1624 407 ce-

227 425 390 475 lebrata
417 423 542 481 sunt,
578 431 864 498 omniumque
883 426 1079 475 sermone
1113 428 1317 478 celebtari
1335 444 1548 500 pergunt.

378 502 442 546 Ex
469 497 580 547 hisce
611 503 742 548 initiis
772 500 898 547 duCta
919 503 1050 548 virtus
1070 535 1083 555 ,
1120 501 1427 572 circumspicite
1447 505 1622 558 anImis,

225 587 316 636 quo
351 571 569 638 progressa
603 570 654 618 fit
680 607 694 622 ,
723 590 852 634 quam
887 571 970 613 late
1005 577 1247 622 manaverit
1275 608 1289 629 ,
1322 589 1451 643 utque
1481 578 1525 622 in
1556 587 1624 623 tot

227 645 490 705 Regnorum
514 674 528 694 ‚
560 657 652 708 quae
686 641 730 685 in
766 640 942 700 JosEPHl
983 637 1198 689 ditionem
1229 636 1436 691 venerant
1456 682 1471 698 ‚
1506 650 1627 713 quie.

226 725 320 761 tem
353 711 568 781 publicam
591 745 605 765 ,
633 709 809 759 salutem
827 744 842 764 ,
874 710 1112 760 commoda
1134 712 1412 763 redundarit.
1443 715 1530 764 Etsi
1549 718 1623 764 Ille

229 784 468 848 dignitati,
502 797 549 831 ut
577 786 723 831 omnis
752 781 955 852 poscebat
984 788 1127 840 ratio,
1165 789 1422 849 gravitatem
1453 792 1627 851 conjun-

228 870 388 917 xerat;
422 855 477 903 fic
514 870 659 904 tamen
687 873 768 903 una
798 854 921 903 fimul
956 873 1104 903 amore
1124 891 1139 912 ,
1169 876 1298 914 cura,
1329 859 1624 929 providentia,

232 932 366 977 Cives
387 927 581 997 quosque
614 927 686 976 fibi
711 928 941 975 conciliare
973 928 1167 998 cupiebat
1188 965 1201 985 ,
1226 944 1273 979 ut
1297 931 1364 1001 spe
1380 965 1395 987 a
1427 950 1555 1001 quam
1573 932 1626 981 de

230 1001 325 1071 Ipso
361 1006 447 1065 jam
482 1020 617 1072 puero
652 1001 886 1049 habuerant
919 1034 933 1056 ‚
984 1001 1228 1071 eodemque
1260 1018 1462 1052 auxerant
1488 1004 1630 1053 adole-

227 1073 373 1123 scente
394 1109 407 1130 ,
439 1075 571 1140 longe
605 1074 821 1144 superata3
853 1091 953 1121 cum
986 1072 1060 1122 fibi
1096 1075 1384 1125 vehementer
1415 1076 1631 1148 persuade-

228 1161 330 1194 rent
359 1146 410 1195 ab
445 1166 498 1195 eo
531 1146 572 1195 se
608 1165 871 1216 magnopere
907 1145 1026 1210 diligi
1067 1181 1080 1201 ,
1116 1147 1310 1216 nihilque
1346 1153 1386 1197 ei
1423 1163 1515 1198 tam
1549 1151 1632 1197 esse

228 1219 382 1273 cordi,
418 1238 547 1288 quam
578 1235 625 1268 ut
658 1219 898 1267 consuleret
923 1220 1127 1267 univerfis
1153 1254 1167 1275 ,
1197 1220 1444 1269 mederetur
1464 1225 1636 1269 incom-

226 1291 367 1340 modis
403 1291 637 1344 hominum
670 1327 684 1348 ,
728 1292 901 1340 utilitati
933 1289 1112 1340 serviret
1136 1327 1151 1347 ,
1183 1292 1436 1363 provideret
1474 1291 1630 1354 saluti3

228 1370 465 1413 Parentem
494 1364 627 1435 ipsum
659 1365 777 1413 suum
799 1399 812 1419 ‚
851 1373 894 1412 δε
911 1362 1110 1413 dicerent
1128 1399 1142 1419 ,
1174 1375 1218 1414 &
1238 1364 1444 1414 haberent
1463 1400 1475 1421 ‚
1497 1366 1632 1413 ultro-

225 1455 310 1506 que
346 1436 387 1485 se
412 1472 426 1493 ,
455 1437 616 1487 ‚domos
638 1473 652 1493 ‚
684 1437 872 1486 fortunas
905 1435 991 1484 suas
1018 1438 1062 1483 in
1094 1440 1179 1500 ejus
1215 1437 1384 1495 fidem.²
1413 1437 1627 1493 tutelam,

226 1510 487 1579 potestatem
516 1513 857 1580 permitterent.

358 1583 508 1650 Atque
544 1585 588 1629 in
618 1595 733 1631 tanta
757 1580 933 1651 quidem
967 1584 1211 1651 potestate,
1254 1581 1628 1652 quemadmodum

226 1654 266 1701 se
293 1653 535 1702 adhibuerit
552 1689 566 1710 ‚
598 1653 917 1703 confideratote
937 1689 948 1701 .
979 1655 1123 1703 Facilis
1151 1656 1203 1704 ad
1232 1656 1484 1705 eumaditus
1511 1668 1626 1709 erat,

225 1726 429 1796 patebant
456 1745 575 1775 aures
606 1732 691 1791 ejus
719 1727 902 1797 querelis
937 1730 1135 1776 omnium
1154 1763 1168 1783 ,
1204 1729 1355 1778 nullius
1385 1730 1526 1798 inopia
1544 1761 1557 1782 ,
1580 1745 1628 1775 ac

225 1797 411 1848 solitudo
443 1816 535 1846 non
578 1799 717 1847 modo
756 1798 918 1848 accessu
958 1800 1035 1847 illo
1065 1800 1240 1870 publico
1268 1836 1282 1856 ,
1322 1820 1370 1849 ac
1404 1799 1592 1849 Throno
1610 1816 1627 1860 ;

225 1869 297 1918 sed
329 1890 383 1919 ne
417 1871 615 1919 cubiculo
648 1871 825 1939 quidem
845 1871 1151 1920 excludebatur
1173 1908 1184 1921 .
1216 1873 1337 1932 Quid
1367 1891 1450 1937 ego
1472 1870 1553 1920 hac
1571 1870 1625 1918 de

224 1962 270 1991 re
305 1945 417 1992 edita
451 1941 690 2006 graviffima
714 1976 728 1996 ,
767 1956 894 2008 atque
934 1942 1169 1986 firmissimo.
1205 1934 1450 1987 testimonii
1502 1947 1628 1989 Sena-

223 2029 289 2064 tus
309 2049 323 2070 ,
347 2014 567 2064 Ordinum
586 2015 854 2082 reliquorum
867 2045 881 2067 ,
897 2014 1160 2060 Societatum
1181 2045 1194 2066 ,
1213 2014 1421 2060 Gentium
1438 2010 1623 2081 denique

223 2091 421 2136 omnium
444 2092 620 2157 Europae
642 2123 655 2142 ‚
690 2085 844 2134 Africae
864 2119 878 2140 ,
915 2084 1021 2133 Afiae
1042 2118 1056 2139 ‚
1094 2087 1311 2134 Americae
1339 2098 1590 2133 memorem
1610 2120 1624 2140 ,

225 2160 276 2209 ad
305 2179 405 2230 quas
434 2160 506 2208 ille
543 2159 675 2209 Orbis
707 2172 918 2207 terrarum
951 2163 1092 2206 Partes
1123 2156 1180 2206 sui
1210 2160 1387 2228 Imperii
1419 2175 1624 2227 porrexe-

225 2246 289 2281 rat
319 2234 620 2298 majestatem?
647 2236 805 2280 Extant
835 2236 919 2297 ejus
941 2234 1107 2280 virtutis
1127 2264 1141 2283 ,
1178 2244 1328 2281 extant
1363 2249 1443 2278 aere
1474 2248 1623 2300 peren-

224 2308 346 2353 niora
382 2305 545 2376 publica
574 2318 856 2354 monumenta
877 2341 891 2363 ,
919 2303 1246 2377 perstabuntque
1284 2302 1340 2353 ad
1361 2305 1621 2353 memoriam

225 2375 456 2429 hominum
484 2377 787 2450 sempiternam
806 2415 817 2426 .

992 2448 1019 2496 b
1062 2467 1086 2496 2.
1502 2451 1621 2497 ‘Hu-
