1971 3126
967 186 1037 255 *ἢ
1078 189 1134 242 Χ
1171 186 1241 254 0ss

403 286 516 317 neve
551 268 786 338 quidquam
823 270 970 319 existat
1001 289 1189 325 eorum,
1227 287 1318 338 quae
1344 286 1640 319 commovere
1662 273 1805 327 dves,

408 346 715 411 civitatumque
748 361 899 412 pacem
930 344 1173 413 perturbare
1202 343 1318 412 poffe
1348 342 1569 391 videantur
1590 379 1601 391 .
1653 346 1804 412 Atque

403 411 485 461 huc
518 415 619 462 illud
646 419 831 484 pertinet
864 422 907 462 de
936 421 1091 477 quieta,
1125 417 1418 479 tranquillaque
1450 421 1530 463 vita
1560 416 1611 455 (Ι)
1630 449 1644 470 ,
1683 416 1804 484 quod

400 488 633 554 Apostolus
668 507 776 536 curae
804 488 885 536 esse
915 491 1096 559 Principi
1122 488 1278 537 debere
1300 524 1313 544 ‚
1355 489 1472 558 quod
1493 502 1718 558 acceptum
1746 486 1804 536 es-

399 559 439 605 se
474 563 574 606 Deo
591 595 604 614 ,
637 561 840 628 qnodque
862 559 1022 604 civibus
1040 560 1319 610 ‚Christianis
1343 561 1574 628 praesertim
1590 595 1604 615 ‚
1632 560 1806 629 expedi-

397 649 445 678 re
469 665 480 685 ,
513 650 561 677 ac
587 630 766 699 proinde
799 633 986 678 maxime
1023 629 1351 700 expetendum,
1391 631 1555 679 docet.
1591 632 1802 680 Tuebitut

397 719 541 750 autem
577 707 773 772 Princeps
804 737 817 757 ‚
862 701 1134 772 servabitque
1168 721 1321 773 pacem
1342 737 1356 758 ,
1394 702 1425 751 si
1453 721 1544 751 non
1577 703 1714 752 modo
1746 717 1805 752 ta-

396 775 486 823 lem
521 774 559 822 se
580 774 761 842 praebeat
779 810 792 830 ‚
825 776 969 844 quales
1007 794 1082 823 eos
1101 810 1114 830 ,
1152 776 1302 845 quibus
1324 780 1509 845 imperat
1527 811 1541 830 ,
1575 776 1657 824 esse
1675 795 1800 844 cupe-

398 862 496 907 ret3
526 847 595 895 sed
628 868 673 895 re
705 854 839 896 etiam
861 848 1161 902 demonstret,
1195 868 1348 897 eorum
1368 849 1543 896 salutem
1568 884 1582 904 ³
1611 849 1798 904 liberos,

398 918 559 967 famam
579 954 593 974 ,
622 918 810 968 fortunas
829 955 842 975 a
872 922 1075 969 utilitates
1097 920 1170 968 fibi
1194 922 1275 969 effe
1298 920 1525 970 carissimas
1547 955 1558 967 .
1583 927 1799 970 ,Demon-

398 993 547 1040 strabit
576 1011 719 1048 vem,
751 994 1125 1063 quemadmodum
1163 1012 1215 1042 ex
1252 995 1462 1060 religione
1502 1009 1595 1043 orta
1635 994 1801 1064 conspi-

399 1084 477 1113 cua
507 1069 754 1131 integritate
777 1101 791 1121 ,
820 1067 1208 1136 moderationeque
1230 1071 1361 1116 animi
1380 1067 1577 1132 singulari
1605 1066 1703 1128 sua3
1740 1066 1797 1115 {ic

397 1137 716 1207 propensione,
748 1154 875 1208 atque
915 1159 1063 1188 amore
1097 1144 1140 1187 in
1164 1159 1316 1190 omnes
1337 1176 1350 1196 2
1387 1159 1476 1209 quo
1509 1139 1583 1187 fibi
1619 1143 1797 1188 cunctos

397 1213 456 1257 ita
481 1210 724 1265 devinciat,
765 1226 813 1260 ut
831 1230 965 1260 nemo
987 1212 1037 1261 lit
1059 1247 1073 1267 ‚
1099 1217 1202 1281 quin
1224 1213 1358 1283 ipsum
1386 1217 1576 1261 amicum
1604 1212 1678 1260 fibi
1700 1248 1714 1267 ,
1747 1231 1795 1260 ac

397 1281 739 1332 benevolentem
772 1284 854 1332 effe
882 1284 1111 1334 arbitretur
1146 1322 1158 1333 .
1197 1286 1420 1351 Adjunget
1458 1304 1593 1356 porro
1624 1291 1794 1340 amori,

395 1356 758 1425 propenfionique
808 1360 850 1404 in
885 1376 1039 1406 omnes
1074 1359 1344 1423 vigilantiam
1374 1394 1387 1414 ‚
1430 1378 1606 1414 curam,
1640 1357 1801 1428 prospi-

396 1431 601 1477 cientiam
620 1447 635 1490 ;
669 1447 811 1498 neque
847 1431 921 1478 ulli
961 1445 1030 1479 aut
1060 1430 1240 1500 sumptui
1269 1465 1283 1486 2
1327 1445 1398 1480 aut
1439 1431 1579 1480 studio
1617 1443 1795 1500 parcet,

397 1506 503 1568 quin
533 1501 756 1566 egentibus
787 1507 897 1572 opi,
925 1501 1076 1551 solatio
1108 1505 1267 1552 miseris
1300 1538 1313 1559 ,
1351 1503 1583 1551 cultoribus
1613 1506 1799 1572 optirna-

395 1591 493 1621 rum
529 1577 716 1629 artium,
752 1575 1105 1644 propagatoribus
1125 1579 1418 1630 commercii,
1456 1575 1579 1623 bonis
1610 1574 1796 1644 denique

396 1644 597 1695 omnibus
617 1665 706 1695 non
744 1647 882 1695 modo
899 1646 1091 1718 praefidio
1115 1647 1194 1710 fit5
1230 1649 1303 1697 sed
1332 1648 1383 1696 ad
1403 1647 1635 1696 colendam
1656 1653 1792 1696 etiam

396 1721 605 1767 virtutem
641 1755 656 1775 ,
686 1733 814 1788 atque
843 1719 895 1767 ad
932 1721 1278 1790 amplificandam
1306 1755 1321 1776 ,
1359 1719 1685 1788 ornandamque
1721 1724 1796 1768 Pa-

396 1804 526 1840 triam
562 1806 848 1841 incitamento
867 1827 880 1840 .

543 1868 649 1913 Haec
674 1863 953 1913 fundamenta
980 1865 1200 1930 dignitatis
1219 1900 1233 1921 ,
1261 1880 1388 1934 atque
1423 1869 1593 1935 imperii
1613 1867 1794 1928 JosEPHI

394 1939 657 1981 Fmamssiwu
691 1941 1040 1984 LUsrrANORUM
1075 1941 1214 1986 REGIS
1246 1937 1418 1987 fuerunt
1440 1972 1454 1993 ,
1489 1943 1574 2001 ejus
1605 1942 1794 2007 primum

394 2005 614 2070 singularis
629 2006 852 2069 integritas
869 2040 883 2060 ,
911 2010 1129 2076 animique
1155 2017 1362 2081 praecipua
1380 2010 1631 2058 moderatio
1652 2045 1666 2064 ‚
1698 2030 1790 2079 quae

395 2097 496 2126 cum
528 2076 697 2146 plurimi
724 2080 860 2146 putari
888 2081 933 2125 in
958 2083 1129 2148 privatis
1153 2085 1306 2131 nostris
1325 2118 1338 2138 ,
1372 2081 1708 2152 quotidianisque
1727 2103 1792 2132 ra-

390 2147 581 2199 tionibus
615 2148 778 2197 soleant
798 2184 813 2204 ,
845 2150 948 2219 quid
986 2154 1045 2200 est
1064 2188 1078 2207 ,
1107 2155 1225 2223 quod
1257 2159 1301 2203 in
1329 2169 1451 2204 tanto
1479 2159 1669 2225 imperio
1698 2174 1790 2204 non

395 2221 592 2272 mirabile
626 2221 842 2292 quidpiam
864 2257 878 2278 ,
909 2242 957 2271 ac
984 2243 1118 2296 prope
1145 2227 1339 2276 divinum
1370 2227 1565 2298 praeferre
1592 2228 1786 2277 videren-

396 2300 497 2347 tur?
524 2297 726 2361 Longum
757 2296 817 2344 est
844 2295 898 2344 de
933 2299 1141 2368 exemplis
1181 2302 1384 2350 omnibus
1423 2301 1577 2350 ordine
1609 2301 1752 2350 dicere
1772 2336 1786 2357 ‚

443 2441 496 2485 (ι)
524 2438 620 2486 Epist.
643 2442 680 2477 ad
701 2439 913 2479 Timotheum
936 2454 964 2479 ι.
989 2443 1069 2478 vers.
1088 2455 1122 2480 2.
1138 2446 1171 2480 ἃ
1188 2443 1258 2492 seq.
1699 2393 1790 2443 quae
