1971 3126
166 242 338 294 suorum
372 247 598 310 Majorum
619 249 802 314 gloriam
822 286 836 306 ‚
873 270 1023 300 amore
1058 255 1101 300 in
1136 255 1320 301 Patriam
1351 287 1365 308 2,
1399 253 1558 305 benefi-

167 321 350 375 cientia,
374 319 597 391 splendore
623 341 721 372 cum
753 324 1002 374 celebritate
1039 329 1216 374 certarit
1249 327 1561 378 excellentium

165 393 521 461 Imperatorum?
546 398 653 443 Haec
676 415 770 444 rem
797 397 976 461 gerendi
1018 411 1105 446 tam
1133 398 1318 468 prudens
1336 434 1350 454 ‚
1384 413 1560 469 tamque

168 464 366 532 expedita
399 469 540 528 ratio;
578 466 666 516 haec
699 482 767 516 tot
798 470 990 538 praeclara
1014 474 1058 517 in
1082 474 1212 518 Cives
1231 475 1390 519 amoris
1410 507 1423 527 ‚
1460 473 1563 521 libe-

164 536 422 606 talitatisque
456 555 739 604 argumenta3
774 540 863 588 haec
894 556 1007 589 tanta
1044 545 1184 590 cautio
1213 577 1227 597 2
1269 562 1324 591 ne
1362 545 1479 613 quod
1511 549 1556 593 in

164 610 402 677 periculum
425 629 506 679 pax
525 645 539 666 ,
568 611 670 659 salus
691 646 704 666 ,
729 610 907 660 felicitas
936 613 1101 682 publica
1129 620 1299 663 veniret
1329 650 1344 669 ,
1376 637 1562 685 ecquem

161 697 255 728 non
282 697 489 730 moveant
507 717 520 736 ‚
555 700 644 731 non
669 684 894 752 impellant
912 719 926 740 ,
954 703 1044 732 non
1073 702 1264 749 cogant,
1297 702 1342 735 ut
1368 687 1473 736 nihil
1501 693 1558 744 εἰ,

160 750 394 802 secundum
414 758 590 809 Deum,
618 760 753 820 magis
780 753 897 804 fuisse
922 757 1077 812 cordi,
1111 776 1239 826 quam
1269 773 1314 807 ut
1331 761 1480 831 Populi
1503 761 1564 809 di-

161 828 272 873 tioni
291 863 304 880 ,
337 830 610 896 imperioque
635 827 806 891 subethi
823 828 896 877 suo
917 848 1046 898 quam
1079 829 1485 888 beatiffimieffent²
1515 843 1560 882 δε

161 898 361 964 agnoscat
378 935 392 954 ,
429 909 471 948 &
499 898 678 948 fateatur
701 909 717 948 ἓ

309 972 553 1021 Secundum
582 978 729 1022 Deum
761 974 861 1022 dico
891 995 901 1024 :
928 993 1027 1023 nam
1048 1010 1062 1032 ,
1095 975 1200 1025 dum
1232 979 1340 1025 vixit
1358 1011 1372 1032 ,
1401 977 1556 1027 indicia

159 1044 335 1114 praebuit
365 1080 379 1100 ‚
407 1048 653 1096 constantiae
676 1082 689 1102 ‚
721 1047 955 1117 solidaequae
982 1052 1148 1100 virtutis
1171 1071 1180 1097 z
1211 1048 1413 1119 hujusque
1447 1050 1562 1099 caus-

158 1116 197 1164 sa
218 1137 317 1166 cum
334 1124 419 1182 jam
440 1119 701 1189 prospiceret
719 1155 732 1176 ‚
771 1125 1000 1169 imminere
1031 1121 1104 1169 fibi
1132 1122 1374 1192 supremum
1405 1122 1524 1171 diem
1543 1158 1558 1178 ‚

158 1189 296 1246 serio,
332 1211 515 1260 curaque
542 1191 736 1258 religiosa
769 1192 851 1241 sese
902 1194 953 1242 ad
987 1199 1155 1242 exitum
1197 1210 1553 1264 comparaverat.

159 1268 310 1328 Qern
337 1270 454 1313 enim
473 1264 604 1331 fugiat
625 1301 638 1320 ,
663 1281 864 1335 quantam
894 1267 963 1315 ille
980 1270 1166 1336 pecuniae
1188 1271 1276 1316 vim
1297 1302 1310 1322 ,
1340 1282 1466 1337 atque
1486 1286 1560 1315 co-

156 1339 272 1406 piam
293 1372 306 1392 ‚
339 1342 655 1408 propitiationis
691 1358 800 1404 ergo
821 1374 834 1395 ,
871 1343 919 1387 iis
951 1343 1120 1404 erogari
1157 1337 1343 1394 fecerit,
1376 1344 1450 1409 qui
1485 1354 1557 1390 aut

156 1412 292 1459 vitam
327 1411 540 1476 degerent
571 1415 615 1459 in
643 1415 829 1477 egestate
851 1447 866 1467 ,
902 1426 973 1461 aut
1007 1411 1166 1460 morbo
1194 1416 1238 1459 in
1268 1412 1553 1461 Nosocomiis

158 1482 511 1531 conflistarentur
533 1492 549 1530 ἓ
569 1486 741 1532 Testata
759 1499 964 1554 praeterea
984 1519 997 1538 ‚
1014 1497 1117 1532 nota
1138 1518 1151 1539 a
1168 1486 1413 1552 pervulgata
1430 1485 1522 1534 suut
1538 1520 1554 1540 ‚

156 1573 248 1623 quae
268 1556 342 1603 Ille
365 1561 557 1604 moriens
576 1556 683 1604 Filiae
704 1556 1031 1605 commendavit
1050 1591 1064 1610 ‚
1095 1574 1223 1624 quam
1247 1559 1341 1626 post
1361 1555 1400 1604 se
1423 1575 1558 1605 nove-

155 1641 221 1675 rat
247 1632 434 1698 imperio
473 1628 555 1676 effe
576 1633 808 1699 potituram
827 1665 839 1677 .
871 1633 999 1677 Hanc
1018 1629 1092 1676 Ille
1109 1663 1123 1684 ‚
1155 1642 1203 1678 ut
1232 1628 1438 1698 obsequio
1456 1665 1470 1685 ,
1502 1648 1551 1678 ac

154 1704 312 1771 pietate
344 1706 528 1765 majores
558 1703 762 1763 coleret3
805 1716 851 1751 ut
894 1706 1159 1772 propinquos
1206 1701 1440 1750 concordia
1476 1701 1553 1750 fibi

155 1777 371 1836 majorem
403 1777 447 1820 in
476 1773 660 1822 modum
698 1779 1018 1838 conjungeret3
1058 1788 1187 1843 utque
1211 1792 1358 1822 amore
1397 1793 1551 1823 omnes

155 1847 556 1916 complesteretur‚
587 1851 790 1909 rogavit.
825 1845 902 1893 Oh
934 1845 1116 1913 spectata
1148 1849 1306 1894 virtute
1340 1851 1552 1911 Regem!

154 1917 232 1965 Oh
269 1921 546 1965 immaturam
580 1952 594 1972 ,
641 1936 780 1985 eoque
814 1920 993 1964 nomine
1037 1920 1282 1980 graviorem
1317 1933 1510 1966 mortem
1534 1953 1548 1974 ,

150 2008 242 2057 quae
268 1988 471 2038 Lusitanis
496 1995 726 2037 Parentem
751 1993 894 2037 Patriae
914 2024 927 2044 ‚
962 1988 1084 2036 nobis
1101 1990 1313 2052 religione
1344 1988 1550 2046 fratrem,

150 2062 253 2111 Tibi
284 2097 298 2118 ‚
343 2068 415 2110 Pffi
454 2067 680 2110 Pon-Ex
717 2066 914 2110 Mamm.
945 2097 957 2116 2
990 2060 1271 2129 Eccleliaeque
1313 2060 1552 2111 Catholica:

150 2134 354 2184 universae
382 2134 687 2183 Fideliffiinum
722 2136 874 2183 Filium
913 2133 1103 2182 sustulit.
1140 2140 1421 2202 Quamquam
1445 2154 1552 2184 vero

147 2207 390 2256 dolendum
420 2210 479 2256 est
505 2212 549 2255 in
584 2221 674 2256 tam
706 2211 825 2271 gravi
847 2207 1021 2255 vulnere
1044 2241 1057 2261 ,
1093 2225 1141 2254 ea
1176 2220 1322 2253 tamen
1350 2224 1429 2255 nos
1452 2227 1555 2256 con-

148 2281 300 2329 solatio
326 2280 573 2329 sustentabit
591 2314 605 2335 ,
633 2280 754 2347 quod
782 2298 871 2327 non
901 2278 1041 2327 modo
1071 2276 1160 2347 spes
1188 2277 1238 2326 sit
1271 2297 1371 2326 eum
1407 2285 1452 2327 in
1486 2287 1556 2328 Ta⁴

147 2359 352 2403 bernacula
392 2354 531 2420 Chrzsti
564 2367 752 2417 receptum
795 2372 868 2400 non
902 2351 1100 2419 deposuisse
1130 2386 1144 2407 ,
1186 2353 1257 2418 sed
1288 2352 1444 2420 mutaffi’
1483 2360 1558 2400 Re-

1402 2445 1525 2487 gnum
1541 2445 1556 2490 5
