1971 3126
923 190 992 257 w>
1033 192 1122 242 IV
1162 188 1232 253 σὲ*

373 302 621 348 munus
660 274 1216 356 demandaretur,
1251 292 1328 342 ut
1363 275 1443 344 de
1470 274 1783 349 laudibus

373 382 689 457 JOSEPHI
726 379 973 443 PRIMI
1015 375 1400 443 Fideliffimi
1433 378 1781 447 Lufitano-

371 504 526 549 :rum
555 477 749 560 Regis
772 476 1071 543 Parentis
1108 476 1244 544 Tui
1264 532 1278 559 ,
1313 479 1625 547 omnium
1650 485 1786 563 jam

371 603 668 649 moerore
701 576 897 644 nobis
930 574 1181 658 erepti,
1211 599 1369 644 cum
1390 577 1450 646 ei
1472 577 1638 661 justa
1670 602 1786 662 pu-

375 681 550 749 blice
580 677 1039 759 solverentur,
1071 700 1304 744 coram
1338 680 1481 745 Pto
1510 680 1785 746 SEXTO

369 787 626 851 PoNT.
655 783 879 848 MAX.
932 775 1254 862 praesente
1286 780 1496 846 Sacro
1531 781 1782 862 Purpu-

372 900 685 949 ratorum
746 883 1029 949 Patrum
1077 880 1333 947 Senatu
1365 935 1381 963 ,
1428 880 1730 949 dicerem
1767 933 1781 946 .

370 982 668 1051 Utinam
705 1000 981 1050 tantum
1016 978 1250 1048 afferre
1279 978 1660 1064 facultati5‚
1698 980 1770 1049 δε

373 1083 587 1167 copiae
637 1081 994 1166 potuissem
1026 1135 1044 1163 ‚
1100 1098 1176 1147 ut
1221 1079 1599 1164 gravitati,
1644 1104 1779 1147 ma-⁵

369 1183 856 1267 gnitudinique
909 1204 1136 1250 rerum
1169 1235 1186 1263 ,
1224 1180 1305 1248 de
1353 1180 1605 1265 «quibus
1655 1180 1780 1248 mi-

370 1277 445 1347 hi
479 1281 926 1351 differendum
960 1280 1094 1350 fuit
1125 1336 1142 1364 ,
1190 1305 1341 1349 mea
1377 1278 1561 1349 haud
1594 1304 1778 1365 pror-

369 1381 473 1450 sus
507 1383 726 1467 impar
758 1383 912 1452 effet
945 1381 1204 1450 oratiO.
1244 1383 1779 1464 Verumtamen,

365 1502 666 1566 quotum
700 1507 1046 1569 quemque
1086 1500 1229 1550 tam
1265 1480 1502 1565 infigni
1537 1479 1780 1550 doetri-

369 1609 492 1667 na,
524 1603 806 1670 tamque
838 1581 1148 1652 absoluta
1178 1582 1574 1666 eloquentia
1601 1580 1779 1651 Vale-

369 1708 440 1752 re
473 1703 747 1768 putem,
796 1701 873 1751 ut
907 1683 1284 1751 Verendum
1333 1680 1449 1763 ipfi
1484 1706 1626 1750 non
1663 1682 1779 1763 fit,

369 1808 454 1853 ne
485 1785 651 1853 dum
697 1784 1160 1853 maximorum
1193 1789 1458 1866 Regum
1492 1783 1775 1868 amplifi·
1809 1813 1814 1817 ·

366 1907 520 1951 care
556 1883 729 1952 velit
760 1939 777 1967 ,
823 1884 1092 1952 minuat
1153 1883 1382 1967 potius
1433 1882 1775 1967 gloriam?

364 1983 735 2068 Quidquid
776 2003 1007 2053 autem
1054 1982 1186 2053 hoc
1219 1982 1311 2052 est
1356 1983 1776 2053 lucubratio-

368 2083 472 2152 nis
503 2107 668 2152 meae
700 2139 717 2168 ,
763 2083 939 2154 nihil
973 2104 1118 2154 erat
1151 2086 1384 2155 cauffae
1414 2142 1432 2171 ,
1480 2113 1603 2156 cur
1633 2116 1776 2164 non

370 2182 491 2250 uni
537 2182 852 2266 Augusto
909 2187 1204 2255 Nomini
1250 2191 1407 2256 Tuo
1438 2244 1455 2272 ,
1505 2192 1775 2262 MARIA

369 2283 767 2353 FRANCISCA
816 2290 1102 2355 REGINA
1141 2290 1586 2360 FIDELISSIMA
1617 2347 1636 2375 ,
1679 2293 1775 2361 ina

375 2380 805 2456 scribendum
843 2439 863 2468 ,
919 2384 1590 2474 consecrandumque
1653 2390 1776 2459 effe

472 2521 475 2522 ⁷
1678 2502 1775 2545 31·-
