1971 3126
890 157 961 226 „a
1000 156 1170 212 vm
1212 157 1282 227 a„

379 244 413 296 si
447 238 517 296 tot
545 246 810 309 Regnorum
847 254 940 291 tam
976 242 1059 291 late
1095 245 1335 312 patentium
1366 241 1548 313 populos
1577 277 1593 298 2
1630 247 1704 314 qui
1738 247 1784 293 in

391 325 478 385 ejus
509 331 628 368 erant
657 316 821 365 ditione
855 350 869 370 ‚
906 333 954 363 ac
983 317 1193 384 potestate
1229 350 1243 371 ,
1275 315 1443 363 tradere
1472 314 1555 364 sese
1580 320 1781 373 tristitiae,

384 406 512 461 atque
534 425 548 446 ,
583 388 641 437 ob
676 401 871 460 ereptum
902 386 978 434 fibi
1010 404 1099 434 non
1127 399 1217 435 tam
1250 391 1497 438 Dominum
1517 423 1532 444 ,
1560 408 1691 458 quam
1709 394 1787 438 Pa-

385 479 558 514 rentem
578 496 593 516 ⁵
626 460 836 509 damnum
869 461 1013 508 testari
1049 458 1166 508 suum
1187 497 1202 519 ‚
1230 461 1475 530 doloreque
1504 465 1691 531 opprimi
1724 466 1788 510 in-

384 537 603 600 telligeres
630 551 644 594 ;
690 532 721 581 fi
747 531 994 580 christianos
1021 545 1190 580 ceteros
1219 533 1376 601 uquue
1403 547 1614 582 terrarum
1643 533 1787 583 casum

383 605 630 657 Fideliffimi
651 603 848 653 Ecclefiae
868 604 994 659 Filii,
1027 608 1260 674 vicemque
1290 618 1357 654 tot
1383 608 1580 670 gentium
1610 605 1790 662 dolere,

385 699 435 729 ac
466 680 690 727 lamentari
717 676 883 726 audires
904 693 920 738 3
955 675 1059 746 quid
1087 694 1234 741 ageres
1255 711 1270 732 ‚
1305 676 1382 725 nisi
1408 691 1455 727 ut
1482 691 1574 727 tute
1608 678 1789 728 vulnere

387 765 516 802 tantae
550 749 745 798 orbitatis
776 763 991 819 accepto,
1022 748 1128 797 dum
1170 767 1331 815 angore
1370 753 1500 798 etiam
1535 764 1624 799 tam
1660 749 1792 799 vehe-

389 827 527 873 menti
550 836 619 872 tot
642 825 703 871 tui
733 825 924 893 corporis
953 821 1149 870 membra
1177 822 1416 870 conflictari
1437 858 1451 878 ,
1487 841 1534 871 ac
1556 841 1665 892 pene
1689 840 1795 870 con-

391 897 463 946 fici
497 895 696 950 videres,
733 913 835 943 unus
870 899 1075 943 omnium
1115 898 1303 943 maxime
1344 904 1586 960 angerere?
1622 899 1792 944 Verum

392 988 485 1039 quae
518 969 704 1037 reliquos
739 985 892 1016 omnes
928 966 1202 1022 consolatur,
1239 967 1394 1015 eadem
1425 971 1493 1015 Te
1527 985 1617 1014 non
1653 966 1791 1014 modo

393 1055 512 1090 tanta
548 1042 621 1089 ista
653 1039 937 1089 sollicitudine
960 1074 974 1096 ,
1014 1052 1221 1108 tantoque
1256 1039 1409 1087 dolore
1442 1041 1588 1094 levat,
1624 1038 1696 1087 sed
1728 1057 1794 1087 re-

396 1126 515 1162 creat
551 1117 714 1169 etiam,
757 1112 1071 1181 confirmatque
1109 1115 1258 1160 Sancta
1295 1113 1505 1176 Religio.
1539 1113 1659 1160 Nam
1692 1130 1793 1159 cum

397 1185 482 1256 ipsa
515 1200 694 1240 caveat,
725 1200 773 1234 ut
804 1203 860 1233 ne
893 1186 1156 1250 contristemur
1190 1191 1234 1231 de
1267 1183 1642 1239 dormientibus-(1),
1677 1183 1795 1232 ficuti

394 1259 699 1307 contristantur
728 1261 757 1305 ii
778 1291 792 1312 ,
829 1261 904 1325 qui
929 1256 999 1328 spe
1031 1269 1178 1305 carent
1205 1255 1452 1325 sempiterni
1478 1258 1612 1317 boni;
1644 1257 1796 1320 justam

393 1330 522 1379 affert
541 1330 722 1379 cauffam
738 1335 932 1391 gaudendi
949 1333 1019 1395 spe
1035 1329 1089 1368 (2)
1120 1331 1287 1397 potiUS,
1313 1328 1434 1398 quod
1460 1328 1571 1376 bene
1599 1346 1699 1376 cum
1719 1328 1798 1375 illo

399 1407 541 1450 anum
579 1402 628 1450 fit
660 1436 674 1457 ,
721 1419 849 1470 quam
889 1401 1007 1470 quod
1042 1401 1301 1450 desiderium
1335 1401 1409 1448 ille
1450 1400 1508 1449 sui
1537 1401 1796 1469 reliquerit,

402 1474 699 1523 condolendi.
743 1474 943 1522 Praeclare
975 1488 1120 1523 autem
1160 1491 1261 1520 cum
1297 1490 1350 1519 eo
1394 1473 1476 1519 effe
1508 1475 1652 1519 aerum
1674 1506 1687 1526 ‚
1724 1469 1799 1539 qui

400 1547 580 1596 demum
609 1550 832 1611 negaverit
860 1549 893 1594 is
912 1580 926 1601 ‚
962 1550 1031 1594 cui
1060 1549 1276 1594 memoria
1307 1544 1453 1592 divina
1480 1544 1655 1592 oracula
1681 1562 1801 1612 repe-

400 1625 511 1667 tenti
541 1618 750 1667 succurrat
769 1653 783 1673 ,
815 1621 926 1689 pacis
945 1653 959 1673 ‚
990 1616 1126 1667 salutis
1162 1652 1177 1672 ,
1205 1615 1419 1665 felicitatis
1456 1616 1632 1686 publicae
1659 1615 1797 1663 adser-

402 1691 566 1739 toribus
594 1725 608 1745 ,
644 1693 918 1760 posteaquam
957 1710 979 1738 e
1013 1708 1195 1760 corpore
1224 1723 1238 1743 ,
1274 1703 1476 1756 tanquam
1511 1709 1534 1736 e
1573 1687 1761 1741 custodia
1784 1721 1800 1744 ‚

405 1762 664 1830 vinculisque
689 1762 858 1811 liberati
878 1761 959 1810 fint
975 1796 989 1816 2
1021 1775 1190 1810 certum
1214 1760 1297 1808 effe
1326 1761 1603 1809 constitutum
1625 1762 1801 1816 locum,

404 1839 451 1881 in
484 1853 572 1904 quo
607 1834 738 1883 securi
772 1852 864 1881 aevo
893 1834 1153 1903 sempiterno
1184 1833 1409 1880 fruantur?
1453 1833 1548 1880 Nisi
1582 1837 1700 1880 enim
1741 1836 1803 1880 ita

407 1907 541 1961 effer,
584 1925 673 1954 non
709 1904 850 1953 fuiffet
885 1906 1085 1953 instinctu
1119 1909 1207 1953 Dei
1238 1907 1357 1951 Viris
1389 1905 1648 1974 Principibus
1688 1904 1803 1953 laudi

408 1975 557 2023 datum
582 1981 802 2044 Sapientiae
831 1980 1009 2024 nomine
1029 2012 1043 2032 ‚
1067 1976 1184 2044 quod
1207 1991 1356 2036 gentem
1386 1977 1570 2042 curaffint
1589 1980 1705 2042 suam
1720 1977 1802 2033 (3),

413 2046 620 2115 quodque
644 2050 902 2095 Civitatibus
932 2049 1287 2115 tranquillitatem
1307 2048 1359 2087 (4)
1386 2047 1521 2095 salutis
1550 2053 1764 2097 comitem
1787 2084 1802 2104 ,

410 2117 705 2185 felicitatisque
733 2117 889 2166 sociam
923 2120 1184 2167 intulissent.
1226 2119 1527 2178 Quamobrem
1562 2123 1700 2174 vivit,
1740 2126 1804 2169 uti

414 2189 593 2259 quidem
629 2190 752 2237 nobis
782 2188 943 2258 sperare
977 2192 1113 2245 licet,
1146 2194 1258 2239 vivit
1280 2225 1294 2245 ,
1321 2195 1497 2259 inquam
1518 2225 1531 2245 ,
1561 2193 1700 2241 multo
1731 2212 1806 2263 po-

467 2336 520 2379 (1)
547 2332 577 2365 S.
594 2333 679 2369 Paul.
713 2334 807 2379 Epist.
838 2335 874 2368 ad
904 2334 1042 2368 Thessal.
1062 2346 1089 2370 1.
1187 2337 1239 2378 (3)
1273 2333 1368 2368 Fer-li.
1386 2348 1518 2381 cap.50.
1545 2334 1626 2369 vers.
1639 2347 1672 2379 4.
1690 2279 1804 2380 &tilg-

413 2395 488 2427 cap.
506 2395 539 2426 4.
573 2395 606 2416 v.
627 2394 680 2417 12.
1188 2385 1241 2426 (4)
1271 2382 1350 2415 ibid.
1364 2396 1393 2418 c.
1406 2397 1462 2431 47.
1482 2396 1573 2431 v.i7.
1590 2387 1622 2420 δὲ
1639 2387 1697 2420 ul.
1718 2384 1802 2431 Reg.

467 2433 520 2482 (z)
548 2428 594 2464 Id.
611 2430 670 2475 Ep.
685 2432 722 2466 ad
740 2431 837 2465 Rom.
854 2442 1085 2476 cap.12.v.12.
1138 2443 1207 2476 cap.
1220 2445 1252 2478 4.
1275 2440 1369 2477 ως.
