1971 3126
901 246 1275 316 vswxwoss»

382 331 628 380 conservata
657 348 761 402 pace
784 363 798 385 ,
832 329 980 385 saluti,
1008 328 1284 397 felicitatique
1313 330 1538 376 communi
1568 327 1784 377 consulue-

387 407 477 465 rit3
515 422 646 473 reque
683 402 917 451 ostenderit
938 436 952 457 ‚
976 401 1081 449 nihil
1110 400 1150 448 se
1180 418 1385 470 umquam
1418 400 1578 469 optafl'e
1612 405 1747 465 magis
1769 436 1785 456 ,

382 495 511 545 quam
543 490 588 524 ut
613 479 686 544 qui
716 475 788 523 suo
819 477 1006 544 imperio
1037 472 1240 541 parebant
1259 508 1274 528 ,
1302 490 1512 542 perquam
1539 472 1653 521 beati
1696 478 1788 520 exi-

380 551 683 602 stimarentur,
724 556 766 595 &
798 547 930 594 essent
953 581 965 593 .
996 550 1111 594 Rem
1145 551 1352 610 agrariam
1374 579 1388 600 2
1423 543 1510 591 fine
1544 562 1625 611 qua
1652 543 1789 591 consi-

380 623 489 668 stere
527 626 636 674 vix,
681 617 871 666 adbiberi
909 632 1053 663 autem
1099 635 1152 661 ne
1198 621 1271 662 vix
1308 616 1486 682 quidem
1527 616 1788 683 Reipublicae

379 696 505 740 nervi
532 691 730 760 possunt,
765 693 953 735 maxima
985 705 1113 741 cura,
1149 683 1400 756 sumptuque
1433 703 1544 755 pene
1573 686 1788 734 immenso

379 763 453 811 suo
471 798 485 818 ,
515 763 601 809 coli
639 774 727 809 arte
747 761 879 825 longe
914 760 1097 806 meliore
1125 756 1256 807 fecit:
1290 761 1573 806 Feracitatem
1591 760 1789 806 Transta-

381 840 500 900 ganis
527 836 635 898 agris
670 836 847 881 avaritia
881 831 1161 901 possessorum
1190 830 1438 900 ademptam
1467 864 1480 884 ,
1511 830 1595 879 lata
1624 833 1784 895 agraria

378 909 475 972 lege
497 941 510 961 ‚
543 907 754 953 restituit:
788 904 1019 952 Industrios
1047 938 1061 958 ,
1101 920 1263 968 gnavos
1287 937 1300 957 ,
1342 900 1625 971 operososque
1665 903 1787 950 colo-

380 997 489 1033 nos,
519 995 572 1025 ne
604 997 626 1024 a
657 977 843 1024 dominis
863 1011 876 1031 ‚
908 976 1079 1044 quaestus
1129 978 1301 1036 majoris
1353 977 1596 1044 captatione
1615 1008 1629 1028 ,
1665 991 1789 1021 anm«

380 1063 586 1099 verentur
611 1084 624 1104 ,
657 1052 915 1118 imperavit:
962 1050 1137 1111 Tagum
1171 1045 1335 1095 flumen
1356 1081 1369 1101 ,
1407 1064 1489 1114 qua
1519 1059 1636 1116 parte
1671 1049 1785 1094 navi-

380 1126 469 1188 gari
496 1141 584 1169 non
611 1135 811 1191 poterat,
838 1120 1002 1168 sublatis
1033 1118 1209 1188 scopulis
1228 1154 1241 1174 ,
1272 1137 1320 1166 ac
1344 1119 1512 1188 rupibus
1531 1152 1545 1173 ‚
1569 1135 1779 1186 arenaque

382 1215 435 1241 ex
467 1195 591 1242 alveo
632 1193 775 1241 effossa
794 1228 808 1247 ,
845 1192 898 1239 ad
929 1193 1061 1240 millia
1090 1191 1278 1261 passuum
1308 1190 1590 1259 quadraginta
1617 1194 1786 1254 naviga-

383 1267 515 1314 bilem
549 1265 772 1319 reddidit,
806 1263 1071 1333 perfecitque
1090 1298 1103 1318 ³
1136 1276 1182 1311 ut
1212 1264 1352 1326 longis
1379 1263 1476 1310 illac
1506 1261 1790 1329 quadriremi-

380 1338 454 1385 bus
488 1338 672 1388 convehi
704 1341 834 1385 trium
879 1340 1205 1384 Provinciarum
1234 1353 1401 1383 merces
1432 1334 1589 1404 poffint
1616 1370 1627 1381 .
1667 1333 1790 1394 Qid

382 1410 599 1480 opificinas
624 1409 853 1480 praedicem
871 1443 884 1463 ,
915 1427 1015 1476 quas
1039 1407 1231 1473 fingulari
1257 1421 1344 1456 arte
1364 1441 1378 1461 ‚
1408 1411 1601 1475 miraque
1620 1407 1791 1471 elegan-

380 1487 438 1531 tia
480 1481 700 1530 fundendo
736 1485 840 1541 aeri3
870 1480 1079 1545 fingendis
1104 1478 1332 1528 murrhinis
1367 1478 1501 1539 vasi53
1531 1482 1707 1548 pannis,
1729 1492 1790 1526 te-

382 1554 511 1622 lisque
548 1573 604 1600 ex
636 1555 728 1601 lana
750 1588 763 1607 ,
796 1552 965 1607 serico,
998 1553 1120 1605 lino,
1154 1552 1307 1616 bysso³
1339 1549 1521 1619 goffipio
1552 1550 1749 1597 texendis
1769 1584 1783 1605 ,

384 1627 631 1674 constitutas
651 1660 663 1680 ,
696 1624 919 1673 conductis
939 1659 953 1680 ,
976 1623 1130 1693 publici
1145 1622 1374 1671 commodi
1392 1625 1527 1686 gratia
1548 1656 1561 1676 2
1592 1621 1643 1668 ad
1673 1621 1791 1669 labo-

383 1717 479 1746 rem
522 1702 689 1763 ingenti
723 1696 909 1767 impensa
947 1697 1035 1766 plus
1073 1698 1227 1760 viginti
1265 1695 1448 1742 millibus
1499 1698 1785 1761 Operarum?

384 1770 505 1834 Qid
544 1772 822 1833 conjun&a5‚
867 1768 1024 1832 adjutas
1048 1802 1062 1822 ,
1095 1766 1368 1814 confirmatas
1406 1766 1581 1814 summis
1609 1766 1787 1835 opibus,

383 1841 722 1895 constabiliendi,
736 1839 1067 1910 proferendique
1090 1840 1212 1887 latius
1233 1841 1486 1886 commercii
1508 1837 1660 1893 caussa,
1674 1858 1789 1887 mer-

385 1927 580 1963 catorum
606 1916 839 1960 Societates
859 1921 875 1959 ἒ
908 1911 1028 1975 Qid
1056 1929 1148 1959 non
1171 1910 1318 1959 civiles
1340 1908 1478 1958 solum
1496 1944 1509 1964 2
1540 1909 1609 1957 sed
1632 1911 1787 1960 milita-

382 2005 448 2033 res
480 1990 611 2031 etiam
641 1985 852 2030 Colonias
882 1988 926 2029 in
948 1982 1166 2030 Brafiliam
1192 1981 1394 2029 deductas
1413 2017 1426 2036 ,
1456 1981 1687 2052 praescripta
1716 2002 1784 2032 ea-

384 2075 480 2104 rum
517 2054 806 2119 regundarum
842 2054 1013 2101 utiliore
1043 2088 1057 2108 ,
1099 2052 1375 2121 facilioreque
1412 2058 1617 2101 ratione?
1661 2055 1784 2113 Qid

384 2141 522 2176 artem
551 2124 901 2197 typographicam
933 2125 1169 2173 formarum
1198 2129 1339 2173 nitore
1358 2159 1372 2180 ,
1402 2135 1446 2174 δε
1479 2125 1627 2193 aequali
1653 2125 1785 2175 duc'tu

384 2201 596 2247 linearum
627 2197 839 2245 redditam
858 2197 1246 2267 praestabiliorem?
1285 2197 1404 2257 Qid
1434 2198 1582 2244 luxum
1601 2232 1615 2251 ,
1650 2217 1785 2266 quem

384 2271 553 2319 honesti
574 2269 845 2318 dissuasorem
863 2303 876 2323 2
913 2269 1298 2338 populatoremque
1335 2286 1498 2339 opum3
1532 2287 1663 2337 quem
1686 2289 1784 2334 gur-

385 2347 523 2407 gitem
542 2378 555 2398 ,
584 2356 709 2410 atque
740 2344 990 2405 voraginem
1023 2344 1424 2410 patrimoniorum3
1455 2359 1586 2409 quem
1619 2355 1784 2411 tempe-

385 2418 537 2465 statem
557 2449 571 2471 2
608 2432 740 2485 quem
778 2414 949 2469 labem,
977 2432 1108 2482 quem
1143 2414 1306 2482 pestem
1333 2447 1348 2470 2
1380 2432 1512 2484 quem
1547 2417 1784 2484 perniciem

1685 2491 1790 2536 Rei-
