1971 3126
894 221 964 288 »aa
1007 221 1234 276 xv111
1277 224 1346 292 αξ*

422 308 674 358 construeris
705 308 880 372 navigiis
910 306 1178 356 fluviatilibus
1198 342 1212 363 ,
1249 304 1493 376 magnisque
1523 311 1696 358 marinis
1721 325 1823 356 one-

419 385 535 430 rariis
562 382 770 442 navibu53
811 398 856 427 re
876 381 988 428 nulla
1017 380 1203 450 denique
1233 378 1507 451 praetermissa
1524 415 1538 436 ‚
1567 399 1658 450 quae
1682 381 1733 429 ad
1761 382 1825 428 lo-

416 453 694 524 cupletandos
713 456 845 500 Cives
864 457 1098 522 pertineret
1115 487 1128 508 ,
1167 472 1221 501 eo
1241 453 1421 501 addu&a
1442 452 1492 501 ab
1505 458 1631 520 Rege
1648 464 1714 502 res
1738 455 1824 507 est,

413 541 460 576 ut
480 529 596 575 miris
617 524 921 576 accessionibus
942 543 1030 573 non
1048 525 1268 596 duplicatae
1283 538 1449 574 tantum
1469 543 1483 587 3
1511 526 1580 575 sed
1597 525 1826 574 admirabi-

416 600 507 647 lem
526 603 656 647 etiam
678 602 721 646 in
741 597 922 646 modurn
940 597 1118 647 fortunae
1135 602 1310 648 Civium
1330 598 1828 668 aucStae3amplificataeque

415 685 643 720 cernantur
661 707 672 716 .
712 675 816 715 Haec
851 684 940 715 non
967 667 1055 737 plus
1085 671 1202 716 annis
1223 667 1473 737 quindecim
1493 670 1680 718 universa
1700 706 1713 724 2
1733 688 1830 738 pro·

413 743 629 812 spicientia
646 774 660 796 ‚
683 740 1020 808 liberalitateque
1052 744 1189 806 Regis
1221 754 1364 811 parata
1387 775 1401 795 ‚
1435 755 1578 811 coepta
1598 777 1611 796 ,
1641 741 1830 811 perfecta

413 815 540 870 sunt,
569 812 717 883 quibus
754 827 871 862 certe
902 811 986 882 ipse
1014 831 1103 862 non
1135 815 1344 884 superavit
1361 813 1500 861 modo
1519 818 1692 879 Regum
1711 849 1724 869 ‚
1755 817 1830 882 qui

414 901 514 936 ante
547 886 587 933 se
611 890 821 951 Regnum
852 884 1072 934 Lusitaniae
1097 888 1311 951 gesserant
1332 920 1345 940 ³
1375 885 1445 933 sed
1476 893 1658 955 aequavit
1693 890 1828 935 etiam

419 960 609 1025 gloriam
643 955 1014 1008 Orthodoxorum
1059 957 1273 1007 Caesarum
1317 962 1620 1007 Rornanorum
1654 995 1667 1007 .
1715 962 1830 1020 Qis

417 1035 536 1080 enIm
558 1032 821 1080 Monasteria
848 1045 918 1080 aut
940 1030 1273 1080 Alcobassanum
1295 1065 1309 1086 ,
1335 1045 1405 1080 aut
1426 1032 1709 1096 Battagliense
1724 1067 1736 1086 ,
1755 1044 1828 1080 aut

417 1103 798 1155 Bethleemiticum
819 1138 832 1158 ‚
851 1118 921 1153 aut
938 1102 1184 1152 Manfrense
1203 1139 1217 1158 ‚
1248 1103 1398 1173 quibus
1425 1104 1608 1155 fundatis
1630 1103 1830 1174 Alphon-

414 1177 477 1225 sus
505 1181 672 1226 Primus
690 1211 703 1231 ‚
723 1174 937 1238 Johannes
956 1179 1123 1224 Primus
1143 1211 1157 1232 ,
1186 1177 1394 1225 Emanuel
1414 1212 1427 1232 ,
1452 1175 1666 1240 Johannes
1686 1180 1829 1236 Quin-

417 1262 482 1297 tus
512 1248 768 1313 [iugularem
788 1248 1046 1297 sibilaudem
1074 1258 1360 1319 pepererunt?
1390 1254 1499 1313 Quis
1517 1251 1612 1305 illa,
1638 1254 1830 1318 inquam,

418 1322 683 1369 Monasteria
703 1355 713 1374 ‚
747 1334 792 1370 ut
826 1335 873 1370 ut
891 1322 1118 1386 magnifica
1142 1356 1156 1376 ,
1186 1340 1285 1370 cum
1318 1325 1368 1369 iis
1394 1336 1483 1370 tam
1514 1326 1678 1387 magnis
1697 1357 1711 1376 2
1738 1336 1827 1370 tam

416 1394 625 1463 praeclaris
663 1428 677 1448 ‚
706 1406 796 1442 tam
825 1394 969 1442 multis
1000 1428 1014 1448 ,
1049 1412 1136 1442 uno
1167 1408 1367 1465 tempore
1405 1413 1485 1464 pro
1513 1395 1822 1464 tranquillitate

420 1469 600 1515 Civium
623 1501 637 1521 ,
673 1483 753 1536 pro
776 1466 891 1514 cultu
908 1466 1146 1530 Religionis
1166 1502 1179 1521 2
1214 1485 1293 1536 pro
1323 1466 1451 1515 salute
1474 1502 1487 1522 ,
1518 1485 1597 1537 pro
1622 1468 1831 1515 felicitate

418 1552 508 1586 tam
536 1539 716 1606 provide
737 1572 751 1592 ,
781 1551 872 1587 tam
898 1538 1132 1585 liberaliter
1155 1574 1169 1592 ,
1191 1553 1279 1585 tam
1307 1554 1457 1586 ornate
1478 1575 1491 1592 ,
1526 1539 1830 1607 splendideque

417 1608 615 1657 absolutis
650 1608 849 1678 operibus
899 1607 1087 1657 conferri
1122 1610 1203 1657 ulla
1236 1612 1401 1658 ratione
1423 1609 1540 1678 posse
1567 1611 1831 1658 arbitretur?

418 1684 676 1747 Byzantium
696 1682 1005 1730 Constantinus
1021 1685 1208 1747 Magnus
1227 1683 1473 1730 instauravit
1494 1716 1507 1736 ‚
1536 1682 1829 1752 amplificavit,

418 1757 594 1803 ornavit
624 1788 638 1809 ,
667 1754 953 1824 appellarique
981 1769 1212 1824 propterea
1241 1755 1378 1802 voluit
1427 1755 1828 1824 Constantinopolis

417 1829 596 1874 nomine
630 1861 645 1872 .
680 1825 762 1873 Sed
785 1843 875 1874 non
905 1845 951 1874 ea
987 1828 1082 1874 urbs
1111 1829 1252 1874 omnis
1285 1825 1564 1881 conciderat,
1593 1845 1702 1875 neve
1738 1841 1828 1875 tam

420 1913 542 1947 erant
560 1898 725 1946 afflic'tae
746 1897 925 1946 fortunae
947 1902 1256 1964 Byzantiorum
1270 1933 1281 1946 .
1300 1902 1456 1947 Muros
1474 1897 1612 1947 solum
1644 1898 1788 1970 oppidi
1811 1933 1825 1954 ,

418 1971 608 2036 aedesque
632 2006 646 2026 ‚
681 1969 758 2019 etsi
789 1971 938 2017 multas
960 2007 973 2023 ,
1004 1990 1093 2017 non
1124 1989 1276 2018 omnes
1310 1984 1455 2019 tamen
1477 1974 1671 2041 Septimii
1706 1976 1831 2019 Seve-

420 2044 456 2088 ri
490 2040 671 2108 Augusti
697 2038 818 2087 furor
857 2055 1104 2090 everterat.
1138 2046 1308 2092 Contra
1331 2042 1499 2113 Olisipo
1537 2057 1660 2092 motu
1701 2042 1827 2092 vehe-

421 2115 558 2161 menti
578 2125 730 2167 terrae‚
760 2130 1006 2182 magnoque
1029 2115 1234 2163 incendio
1261 2114 1446 2164 funditus
1467 2115 1607 2164 deleta
1629 2150 1642 2171 ,
1679 2115 1827 2165 exelsis

419 2184 570 2253 opibus
610 2187 791 2234 Civium
823 2219 837 2240 ,
885 2187 1025 2236 multo
1068 2189 1129 2236 est
1172 2192 1388 2257 perpaucis
1436 2194 1556 2236 annis
1598 2206 1688 2236 non
1737 2207 1825 2237 am-

418 2258 531 2326 plior
551 2292 565 2312 ,
594 2271 720 2326 atque
754 2261 946 2307 ornatior
975 2259 1113 2308 modo
1150 2262 1340 2309 restituta
1367 2278 1380 2320 ;
1418 2259 1491 2315 secl
1522 2265 1652 2309 etiam
1684 2264 1828 2331 copio-

418 2329 500 2378 sior
514 2366 524 2377 .
543 2333 597 2378 Et
616 2330 864 2395 digniorem
885 2344 1034 2380 tamen
1060 2351 1323 2402 quemquam
1344 2333 1461 2382 fuisse
1481 2352 1535 2381 eo
1555 2351 1742 2398 genere,
1766 2333 1828 2380 di-

421 2419 517 2452 cam
537 2436 550 2460 ,
577 2406 790 2456 memoria
823 2402 1081 2476 sempiterna
1109 2405 1196 2456 hoc
1227 2410 1351 2473 Rege
1382 2441 1396 2463 ,
1442 2410 1515 2476 qui
1547 2405 1825 2477 supergressus

1736 2476 1827 2526 suo·
