1971 3126
492 303 782 351 Humanitatis
812 311 957 347 autern
976 333 989 354 ,
1001 299 1283 369 providentiae
1298 329 1312 351 ,
1341 311 1447 344 curae
1465 329 1478 351 ,
1497 296 1668 366 ecquod
1696 296 1785 347 dari

384 376 576 424 illustrIus
600 385 935 423 monumentum
977 373 1116 441 potest
1136 368 1460 418 Valetudinario
1498 368 1790 439 Olisiponensi

380 446 638 516 amplissimo
656 481 670 501 ,
699 460 825 514 atque
851 445 1042 491 maximo
1060 478 1074 497 ‚
1103 442 1220 511 quod
1247 440 1382 490 effusis
1405 441 1698 506 largitionibus
1720 443 1788 489 lo-

379 521 609 589 cupletavit
627 553 640 573 ‚
679 536 765 585 quo
792 515 951 564 miseris
969 550 982 570 ,
1012 519 1084 583 qui
1113 533 1221 580 aegra
1247 514 1382 562 essent
1404 513 1672 569 valetudine,
1690 533 1787 583 per-

378 590 543 654 fugium
563 625 576 644 ,
612 604 735 658 atque
768 587 1006 655 praefidium
1039 586 1175 635 salutis
1196 588 1334 635 esset?
1366 585 1546 651 Ecquod
1573 598 1642 632 tot
1671 587 1786 641 aliis,

378 680 470 731 quae
497 661 677 728 pluribus
708 661 815 704 locis
841 660 982 703 extrui
1004 689 1018 709 ,
1053 652 1258 722 bonisque
1294 657 1399 719 erigi
1428 672 1519 701 non
1541 655 1680 704 solum
1709 663 1789 705 mi-

378 753 424 782 ra
443 732 734 784 humanitate,
761 727 831 776 sed
854 726 1096 775 incredibili
1125 730 1257 774 etiam
1282 727 1479 791 largitate
1501 726 1636 776 fecit?
1666 729 1789 789 Qid

378 805 433 853 de
466 806 602 852 Servis
637 802 814 850 dicam?
851 803 924 847 An
957 818 1047 846 non
1077 797 1233 847 horum
1263 812 1332 848 tot
1362 799 1548 847 millibus
1568 799 1789 848 Brasilien-

377 877 486 926 sium
507 879 697 946 primum
715 909 729 930 ,
764 887 858 922 tum
881 871 1146 943 AEthiopum
1181 870 1344 920 summa
1360 870 1624 920 humanitate
1647 872 1787 922 subito

377 950 473 998 data
512 948 684 996 libertas
728 946 1016 995 contestatum
1037 982 1051 1007 ‚
1080 944 1285 1013 idemque
1313 958 1566 1015 perpetuum
1590 944 1786 1010 benigni-

376 1028 476 1070 tatis
495 1021 615 1091 plane
634 1025 787 1084 Regiae
816 1022 1018 1081 JosEPH1‚
1046 1016 1382 1086 admirabilisque
1405 1017 1664 1066 liberalitatis
1701 1018 1782 1065 do-

377 1107 632 1142 cumentum
661 1096 743 1141 erit
774 1095 895 1140 omni
928 1091 1230 1161 praedicatione
1250 1125 1264 1146 ,
1297 1091 1448 1139 litteris
1470 1124 1484 1145 ,
1521 1107 1788 1139 monumen--

375 1165 509 1235 tisque
535 1165 862 1214 decorandum?
891 1168 1066 1212 Horum
1086 1182 1177 1234 pars
1209 1181 1362 1228 magna
1383 1176 1504 1233 capta
1523 1161 1659 1212 fuerat
1680 1162 1787 1211 frau-

379 1238 432 1286 de
452 1273 464 1293 ,
504 1257 551 1285 ac
573 1237 747 1286 vendita
768 1236 923 1284 scelere
947 1240 1214 1305 privatorum
1229 1272 1241 1283 .
1271 1240 1598 1284 Commoverat
1618 1239 1681 1283 rei
1698 1249 1788 1284 tan-

377 1324 420 1359 ta
458 1310 684 1375 indignitas
724 1308 1007 1357 Benedifflmm
1037 1311 1160 1357 XIV.
1205 1312 1418 1356 memoria
1449 1308 1691 1356 immortali
1724 1307 1786 1356 di-

375 1400 514 1448 gnum
544 1382 801 1430 Pontificem
832 1418 842 1428 .
886 1385 923 1428 Is
961 1383 1153 1429 misertus
1187 1379 1418 1429 hominum
1447 1415 1461 1435 ,
1511 1379 1750 1449 veritusque
1769 1415 1784 1436 ,

376 1472 432 1502 ne
465 1455 599 1502 iidem
634 1455 882 1503 calamitatis
916 1466 1097 1522 acceptae
1117 1487 1131 1507 ‚
1168 1453 1507 1521 infelicitatisque
1540 1452 1617 1501 suae
1651 1453 1784 1500 cauffa

372 1545 395 1574 a
417 1525 664 1575 Christianis
681 1526 802 1574 sacris
826 1527 1148 1574 deterrerentur
1169 1560 1182 1580 ,
1201 1528 1290 1590 egit
1313 1544 1412 1573 cum
1442 1524 1636 1585 Johanne
1666 1525 1783 1572 Fide-

373 1599 532 1648 lislimo
560 1604 682 1665 Rege
715 1602 892 1662 jon-pm
913 1603 1035 1646 Patre
1058 1632 1072 1652 2
1103 1612 1150 1646 ut
1181 1601 1386 1666 quoniam
1415 1595 1524 1644 adeo
1557 1595 1783 1667 conspicua

371 1673 524 1737 justitia
544 1709 560 1734 ,
599 1676 795 1741 :equitate
817 1708 831 1727 ,
871 1670 1249 1739 misericordiaque
1290 1675 1335 1717 in
1364 1687 1519 1718 omnes
1549 1682 1670 1724 erat,
1704 1671 1784 1717 stu-

373 1744 534 1813 dioque
555 1758 643 1793 tam
665 1745 832 1793 ardenti
859 1744 1063 1808 flagrabat
1081 1744 1350 1807 Religionis,
1373 1760 1426 1788 ne
1452 1743 1643 1789 convelli
1662 1741 1781 1789 dein-

374 1836 473 1887 ceps
504 1818 711 1865 Indorum
744 1834 1009 1885 quemquam
1038 1834 1090 1862 ex
1117 1814 1193 1862 suis
1226 1813 1418 1868 sedibus,
1454 1813 1690 1882 abduciquc
1716 1832 1781 1862 ca-

373 1894 545 1958 ptivum
576 1902 822 1960 pateretur.
855 1888 976 1948 Quid
998 1892 1092 1937 Vos
1119 1887 1262 1935 multis
1291 1894 1474 1934 morer?
1503 1889 1633 1936 Cavit
1650 1890 1778 1942 Rex,

373 1961 542 2010 edixit,
582 1975 709 2022 atque
747 1960 1004 2009 interdixit,
1052 1972 1099 2003 ut
1136 1977 1189 2003 ne
1223 1963 1316 2025 quis
1352 1957 1452 2005 inde
1486 1957 1658 2007 suorum
1697 1959 1780 2007 tale

372 2030 590 2099 quidpiam
626 2040 790 2075 tentare
820 2026 1029 2075 auderet.
1072 2030 1239 2076 Interea
1273 2032 1345 2097 qui
1383 2028 1550 2077 abducti
1582 2029 1776 2086 fuerant,

372 2101 522 2150 misera
552 2098 856 2170 premebantur
884 2098 1083 2148 servitute
1103 2135 1114 2146 .
1152 2100 1346 2162 Johanne
1378 2104 1463 2150 vita
1490 2099 1668 2157 functo,
1703 2105 1777 2164 Jo-

377 2191 535 2222 sEPHUs
553 2171 724 2242 capessit
744 2176 952 2237 Regnum
970 2209 980 2220 .
998 2173 1246 2236 AEgerrime
1262 2176 1294 2220 is
1312 2208 1325 2228 ‚
1354 2172 1700 2242 acerbissimeque
1716 2173 1775 2222 fc-

372 2245 493 2294 rebat
513 2245 832 2294 multitudinem
851 2242 1081 2292 hominum
1098 2258 1189 2293 tam
1213 2249 1451 2293 immanem
1478 2245 1536 2292 ob
1557 2247 1773 2295 conditio-

372 2336 475 2365 nem
504 2316 782 2366 aerumnosam
803 2352 816 2372 ,
850 2315 1155 2385 adversamque
1190 2315 1408 2367 fortunam
1438 2317 1552 2366 suam
1588 2323 1772 2368 invitam

371 2391 526 2441 servire
546 2389 801 2461 Reipublicae
816 2425 828 2439 .
853 2393 1000 2460 Itaque
1022 2393 1249 2461 impatiens
1268 2409 1488 2443 morarum
1505 2425 1519 2447 ‚
1537 2409 1636 2460 quas
1654 2389 1769 2439 forte

1708 2481 1771 2511 in=
