1971 3126
177 307 345 351 florem
376 304 508 350 vitam
529 303 742 364 Jo‘sEPHUs
776 307 1122 358 LosiTANoRUM
1145 306 1245 351 Rex
1264 336 1277 357 ,
1315 306 1385 370 qui
1406 305 1579 366 integri-

179 388 268 423 tate
290 409 304 429 ,
334 393 407 443 qui
436 374 739 424 moderatione
762 380 920 430 animi,
954 379 1024 444 qui
1057 394 1206 424 amore
1230 410 1243 430 ,
1281 379 1352 443 qui
1391 380 1544 442 pietate
1566 410 1578 429 ,

180 446 450 516 providentia
465 483 478 502 ,
499 450 651 511 justitia
676 484 689 504 ,
715 467 811 496 cura
826 483 839 503 ,
861 448 1009 518 opibus
1027 483 1040 502 ,
1060 452 1130 517 qui
1149 448 1272 495 bonis
1291 446 1444 494 artibus
1470 449 1583 494 resti-

177 522 280 567 tutis
302 554 316 575 ,
350 535 670 591 propagatoque
702 525 978 569 commercio
1002 554 1015 574 ,
1055 524 1166 589 pacis
1195 555 1208 575 ,
1242 518 1376 566 salutis
1398 553 1411 573 ,
1453 518 1584 565 felici-

176 595 273 638 tatis
311 592 485 659 publica:
519 595 655 636 custos
679 622 692 642 ,
717 593 875 635 vindex
891 622 905 641 ,
929 591 1202 636 conservator
1219 625 1232 641 ‚
1262 591 1456 639 firmator
1476 590 1554 639 fuit
1570 626 1582 637 .

177 665 285 709 Haec
312 666 397 723 ejus
417 661 656 730 praecellens
681 663 839 714 virtus,
868 657 954 706 haec
983 673 1265 710 monumenta
1293 662 1467 724 gloriae,
1496 662 1584 709 haec

175 752 286 782 verae
319 733 450 780 laudis
480 732 652 796 insignia
690 729 839 793 fuere;
871 731 924 779 de
952 731 1130 800 quibus,
1167 750 1267 780 cum
1300 736 1342 778 in
1379 730 1462 779 hoc
1499 734 1585 801 ple-

176 824 237 853 no
269 807 495 868 majestatis
525 803 732 852 Conseffu
768 803 896 852 verba
931 803 1010 852 sim
1040 804 1252 858 facturus,
1293 803 1369 852 ctsl
1397 823 1552 852 vereor
1571 839 1585 860 ,

177 883 251 926 ΡΙΕ
287 880 512 925 PONTmEx
545 880 744 926 MAleE
769 912 782 932 ,
820 895 873 924 ne
914 896 1012 925 cum
1050 890 1350 942 argumentum
1382 881 1588 925 orationis

175 949 363 1000 Persona
377 984 390 1005 ,
413 949 780 1020 amplitudineque
800 953 935 1014 Regia
955 951 1078 1019 plane
1098 949 1275 1014 dignum
1294 950 1342 997 fit
1360 984 1374 1003 ,
1397 948 1505 998 haud
1528 948 1589 997 dio

177 1041 261 1089 gna
279 1027 400 1088 Rege
424 1058 438 1078 ,
477 1027 658 1091 Tuaque
689 1025 989 1093 expectatione
1017 1041 1114 1072 mea
1142 1021 1230 1070 haec
1261 1026 1403 1070 omnis
1440 1023 1590 1070 existat

178 1099 353 1157 oratio;
386 1095 517 1144 fretus
553 1109 699 1143 tamen
732 1096 989 1150 clementia,
1015 1105 1058 1144 &
1091 1095 1359 1159 benignitate
1393 1094 1589 1160 singulari

178 1171 276 1217 Tua
292 1202 306 1223 ,
323 1167 499 1216 confido
516 1167 598 1216 effe
621 1171 689 1215 Te
710 1202 723 1223 ,
742 1167 950 1236 quidquid
968 1171 1106 1215 minus
1126 1170 1244 1215 reste
1261 1203 1275 1222 ,
1296 1167 1519 1235 minusque
1537 1165 1590 1213 ad

181 1260 277 1290 rem
293 1275 307 1296 ,
339 1241 391 1288 ad
413 1255 580 1310 tempus
596 1275 609 1295 ,
645 1239 695 1287 ad
714 1240 860 1288 locum
880 1253 973 1309 apte
995 1274 1008 1295 ,
1039 1240 1458 1308 accommodateque
1476 1238 1592 1286 dixe-

180 1333 267 1368 ro,
295 1331 385 1361 non
417 1313 664 1368 voluntati,
702 1316 769 1360 cui
803 1331 876 1382 per
910 1311 992 1360 sese
1024 1327 1236 1382 promptae
1281 1312 1462 1361 subsidio
1494 1311 1591 1359 >dili-

179 1389 374 1452 gentiam
397 1390 671 1455 comparavi,
701 1385 772 1432 sed
800 1385 997 1433 brevitati
1027 1389 1235 1455 temporis
1257 1385 1588 1454 adscripturum.

329 1461 422 1521 Jam
456 1459 559 1506 illud
594 1472 760 1506 certum
817 1461 1007 1526 inprimis
1039 1492 1052 1511 ,
1086 1459 1451 1528 'exploratumque
1491 1457 1550 1504 est
1573 1492 1588 1516 ‚

184 1549 319 1585 eum,
354 1534 427 1598 qui
454 1530 504 1577 ad
538 1530 822 1595 gubernacula
860 1529 1116 1599 Reipublicae
1161 1529 1331 1584 sedeat,
1357 1528 1590 1577 secundum

182 1606 332 1651 Deum
348 1637 361 1658 ,
383 1616 484 1651 toto
503 1606 652 1650 animo
668 1637 682 1658 ,
710 1601 935 1671 studioque
963 1605 1085 1650 omni
1110 1605 1152 1649 in
1182 1621 1278 1650 eam
1296 1606 1509 1650 rationem
1529 1603 1589 1648 In-

182 1675 388 1724 cumbere
422 1690 660 1745 oportere,
694 1692 741 1724 ut
769 1693 871 1729 eos,
905 1678 976 1744 qui
1015 1673 1138 1745 ipfius
1168 1677 1385 1744 imperiO,
1432 1682 1475 1722 ὃς
1509 1690 1589 1743 po-

181 1750 322 1797 testati
355 1747 601 1803 commisii,
634 1747 874 1815 creditique
903 1748 1026 1801 sunt,
1060 1750 1118 1794 ita
1149 1746 1331 1812 diligat,
1354 1759 1504 1801 curet,
1539 1763 1587 1791 ac

180 1835 379 1876 tueatur,
413 1835 460 1869 ut
497 1839 624 1888 quam
660 1818 918 1868 beatiffimos
952 1819 1034 1867 effe
1063 1818 1196 1867 velit.
1230 1823 1337 1868 Non
1364 1822 1483 1868 enim
1514 1816 1586 1864 ille

179 1893 400 1963 praefestus
433 1893 523 1939 aliis
551 1894 609 1940 est
628 1926 641 1946 ,
678 1908 788 1938 neve
821 1894 1007 1958 imperio
1043 1896 1205 1960 potitur
1235 1891 1293 1939 sui
1327 1895 1445 1942 unius
1473 1926 1486 1945 ,
1515 1888 1588 1937 sed

180 1969 424 2014 communis
462 1964 599 2012 salutis
630 1998 644 2019 ,
680 1961 922 2032 publicique
954 1962 1182 2007 commodi
1218 1965 1350 2006 caussa
1377 1992 1389 2005 .
1432 1969 1586 2008 Beatos

181 2049 326 2087 autem
357 2037 467 2107 ipsos
492 2034 617 2090 fore,
648 2053 735 2103 quo
770 2034 950 2082 tandem
984 2029 1123 2079 modo
1159 2029 1349 2079 confidat
1383 2065 1396 2086 ,
1437 2031 1586 2099 quibus

183 2129 273 2158 non
296 2123 412 2181 paret
447 2128 526 2164 ea,
556 2126 746 2177 quorum
773 2105 964 2176 praefidio
991 2106 1072 2152 tuti
1102 2101 1183 2152 sint
1211 2137 1225 2158 ,
1255 2122 1302 2150 ac
1334 2102 1497 2153 salutari
1517 2122 1587 2173 pa-

180 2202 232 2231 ce
265 2181 456 2231 fruantur
483 2190 499 2228 ?
531 2185 675 2249 Itaque
707 2178 751 2226 id
791 2179 862 2228 ille
893 2174 1161 2230 contendat,
1199 2174 1329 2244 idque
1364 2179 1547 2223 enitatur
1566 2210 1580 2231 ,

184 2269 312 2324 atque
343 2255 539 2303 elaboret
561 2252 724 2302 necesse
758 2252 817 2299 est
836 2287 849 2307 ,
874 2250 904 2297 fi
934 2268 1039 2302 eos,
1076 2249 1222 2315 quibus
1253 2246 1415 2317 praefit,
1452 2249 1583 2295 salvos

180 2328 266 2375 effe
284 2363 298 2383 ,
332 2327 555 2396 felicesque
583 2324 795 2373 defideret
816 2359 830 2379 ,
861 2336 908 2371 ut
935 2341 989 2370 ne
1009 2319 1111 2388 quid
1135 2320 1332 2367 alicunde
1353 2318 1583 2387 consequa-

176 2413 251 2452 ἐιη
284 2403 576 2452 contentionis
613 2433 627 2455 ,
671 2415 780 2448 neve
830 2414 961 2464 genus
997 2393 1133 2442 ullum
1173 2397 1332 2460 injuriae
1362 2393 1583 2448 nascatur,

1048 2466 1076 2513 b
1510 2484 1583 2516 ne-
