1971 3126
178 269 638 341 ReipublicaeVeteres
667 188 826 321 meffro
853 192 1112 343 appelifnxnt
1128 290 1142 334 3
1174 272 1274 341 quid
1305 272 1451 320 luxum
1471 305 1485 327 ,
1509 276 1572 319 in-

177 362 306 411 quam
323 380 341 404 ,
362 342 526 392 salutari
546 345 643 409 lege
660 343 864 392 sublatum
885 379 898 399 ,
925 345 1231 413 inductamque
1250 344 1570 409 diligentiorem

177 419 507 468 Oeconomiam
551 417 860 464 moderationis
890 451 904 470 2
943 421 1320 486 temperantiaeque
1355 417 1575 485 plenam?

180 487 302 546 Qid
334 488 658 537 innumerabilia
692 507 824 558 prope
846 489 927 535 alia
955 493 1119 552 generis
1150 488 1333 550 ejusdem
1353 523 1366 542 ,
1401 506 1492 556 quae
1520 504 1575 533 ne

179 559 449 606 numerando
470 559 645 625 quidem
676 559 924 625 percensere
946 561 1049 604 licet
1067 569 1084 603 a
1119 561 1315 608 Praeclara
1343 559 1429 607 haec
1456 558 1575 611 sunt,

178 629 432 695 singu-laria,
468 631 575 676 mira
604 627 914 696 providentiae,
944 627 1206 675 liberalitatis
1231 662 1244 682 ‚
1281 630 1579 677 munificentiae

179 714 434 766 argumenta
467 734 482 754 ,
529 698 636 747 nihil
671 712 718 746 ut
745 698 862 769 supra
914 698 965 746 ad
1000 718 1151 768 pacem
1175 734 1189 753 ,
1222 699 1274 745 ad
1310 705 1454 747 otium
1482 733 1496 753 ,
1527 698 1581 745 ad

179 772 358 822 salutem
384 806 398 827 ,
438 771 492 819 ad
523 769 776 820 felicitatem
813 772 1075 841 Reipublicae
1109 769 1339 821 desiderari
1366 769 1482 841 posse
1518 773 1581 817 vi·-

180 844 329 894 deatur
347 882 360 893 .

326 921 497 966 Verum
532 918 648 987 plura
688 917 803 966 fuiffe
834 917 884 965 ab
917 937 971 965 eo
999 917 1191 988 profedh
1221 920 1352 968 video
1371 955 1384 975 ,
1414 933 1461 969 ut
1491 920 1583 970 illua

179 993 333 1040 striora
366 1025 379 1045 ,
424 989 480 1038 sic
509 994 636 1038 etiam
675 988 932 1038 mirabiliora
955 1026 966 1038 .
1002 995 1176 1040 Horum
1217 992 1338 1040 laude
1383 991 1413 1040 si
1450 1011 1583 1062 quem

180 1062 295 1111 forte
325 1080 510 1133 parem,
541 1063 662 1131 quod
691 1061 895 1130 nusquam
928 1063 1013 1126 legi
1048 1081 1062 1124 3
1094 1077 1137 1111 at
1165 1064 1427 1134 superiorem
1465 1079 1585 1113 certe·

181 1134 328 1183 habuit
366 1138 550 1183 omnino
590 1138 816 1182 neminem
847 1169 859 1181 .
892 1134 1058 1204 Olisipo
1098 1136 1214 1183 Urbs
1252 1152 1340 1186 erat
1383 1140 1586 1206 Princeps

182 1211 333 1271 Regni
378 1206 675 1255 Lusitanorum
712 1209 961 1254 amoenitate
1002 1207 1119 1260 loci,
1157 1207 1432 1277 amplitudine
1465 1243 1478 1263 ‚
1512 1226 1588 1255 no-

182 1279 347 1327 bilitate
383 1313 396 1334 ,
441 1279 589 1348 Populi
619 1277 857 1346 frequentia
890 1312 903 1333 ,
947 1278 1244 1342 magnitudine
1282 1316 1296 1336 ,
1346 1294 1582 1348 ornatuque

182 1351 339 1399 aedium
374 1370 474 1399 cum
512 1349 820 1399 florentiffimis
858 1356 1013 1399 ceteris
1047 1384 1060 1405 ,
1107 1349 1360 1420 summisque
1406 1357 1589 1422 Europae

180 1422 372 1471 Urbibus
408 1423 693 1494 comparanda
715 1458 730 1470 .
753 1426 889 1485 Hujus
921 1441 1013 1491 pars
1043 1426 1228 1471 maxima
1251 1422 1443 1472 horribili
1485 1443 1587 1472 con-

183 1496 294 1542 cussa
311 1499 588 1542 Terracmotu
614 1507 790 1562 repente
811 1494 1032 1553 concidit;
1052 1495 1228 1562 Reliqua
1251 1514 1339 1541 non
1364 1497 1455 1563 post
1478 1496 1589 1542 mul*-

183 1580 234 1616 to
255 1601 269 1621 ,
295 1579 504 1635 concepta
521 1564 693 1613 flamma
709 1599 722 1620 ,
741 1564 888 1613 misere
907 1564 1190 1630 conflagravit
1208 1602 1218 1613 .
1253 1568 1384 1615 Multi
1406 1581 1589 1636 repente-

185 1636 368 1709 oppressi*
387 1641 665 1686 interierunt:
689 1640 857 1698 Ceteri,
882 1638 1000 1707 quod
1024 1636 1109 1707 spes
1132 1637 1339 1686 evadendi
1356 1643 1495 1687 omnis
1515 1658 1590 1708 po-

184 1710 261 1760 fita
291 1715 335 1758 in
374 1711 594 1759 celeritate
626 1710 728 1758 effer
757 1745 770 1765 ,
802 1728 1069 1778 quacumque
1102 1710 1275 1758 tandem
1307 1709 1391 1758 sors
1432 1711 1588 1766 dabat,

188 1792 414 1853 erumpere
432 1818 446 1838 ‚
476 1781 634 1850 sibique
655 1781 751 1846 fuga
780 1783 953 1830 salutem
986 1796 1131 1851 petere
1154 1783 1355 1831 curabant
1373 1819 1384 1831 .
1413 1785 1480 1831 Ut
1504 1797 1591 1831 tre-

189 1855 311 1926 pidus
334 1854 507 1923 quisque
539 1853 578 1900 se
612 1857 659 1900 in
691 1856 899 1900 tutiorem
936 1855 1083 1901 locum
1120 1869 1372 1924 receperat,
1403 1859 1592 1903 incertus-

187 1927 329 1975 salutiS
346 1931 576 1974 Parentum
602 1960 616 1979 ,
653 1927 859 1987 Conjugis
876 1957 889 1977 ³
908 1925 1160 1970 Liberorum
1181 1944 1202 1983 3-
1220 1941 1358 1970 cerm<
1391 1944 1593 1972 :erumna-

187 2018 287 2048 rum
306 2033 320 2053 ‚
353 1997 632 2064 ingemiscere
653 2031 666 2051 ‚
694 2013 853 2044 vocem
879 1995 1076 2044 attollere
1098 2028 1112 2048 ,
1145 1995 1295 2057 ejulare
1311 2029 1323 2042 .
1355 1995 1481 2042 Plena
1498 2014 1593 2045 om-

189 2075 259 2119 nia
286 2069 614 2141 perturbationis
634 2104 648 2124 ,
677 2067 866 2116 horroris
888 2102 905 2122 ,-
940 2067 1124 2136 ploratus
1143 2101 1157 2122 ,
1186 2067 1424 2116 clamorum
1442 2084 1562 2116 erant
1577 2105 1592 2118 0

190 2148 292 2192 Rex
327 2143 403 2191 etsi
436 2141 889 2210 damna21u8tumque
919 2142 1127 2187 Civitatis
1150 2138 1329 2201 dolens,¹
1359 2140 1594 2210 intrepidus

191 2229 339 2264 tamen
369 2215 482 2263 adest
510 2218 655 2262 animo
692 2249 705 2268 ,
748 2212 935 2281 quidque
969 2211 1133 2260 suarum
1170 2210 1220 2259 sit
1251 2216 1433 2280 partium
1476 2216 1595 2276 cogi-

194 2301 287 2336 tans
305 2321 319 2342 ³
346 2287 397 2335 ad
415 2286 453 2334 se
474 2288 697 2335 Ministros
720 2285 874 2333 accersi
904 2284 1019 2350 jubet
1039 2319 1050 2330 .
1087 2283 1419 2331 Accurrentibus
1435 2284 1565 2332 adstat
1586 2319 1597 2331 ‚

197 2363 418 2431 Praecipit,
455 2358 560 2410 dent
591 2376 799 2430 operam,
829 2376 883 2406 ne
913 2356 1015 2427 quid
1041 2354 1130 2426 plus
1160 2359 1326 2407 Civitas
1340 2356 1598 2406 detrimenti

1545 2427 1605 2476 fe„
