1971 3126
684 200 752 269 *ss
796 204 884 257 XI
903 204 971 256 II
1014 204 1082 272 «4ζῦ

181 286 297 348 injici
324 282 496 333 videbat
520 284 680 348 justitiae
697 319 711 340 ,
734 286 1111 349 ¹commiserationi
1131 322 1144 342 ‚
1178 301 1301 358 atque
1334 290 1578 340 liberalitati

175 356 285 411 fuae,
325 373 414 403 non
448 370 613 406 tantum
643 357 799 406 liberos
826 359 908 407 esse
935 377 1089 407 omues
1107 378 1121 421 3
1158 360 1228 408 sed
1262 362 1412 410 donari
1446 368 1579 410 etiam

180 431 374 476 Civitate
389 427 500 492 jussit
516 464 528 476 .
557 429 703 478 Fidem
728 429 797 483 hic
820 450 905 496 ego
933 433 1100 501 appello
1124 432 1422 482 Lusitanorum
1439 470 1451 482 .
1479 435 1583 481 Elo-

183 513 366 567 quantur
380 535 392 554 ³
410 519 540 569 quam
558 500 739 551 salutaris
762 503 833 550 ille
849 538 862 558 ,
889 521 1017 572 quam
1037 504 1138 552 felix
1155 539 1167 559 ,
1183 525 1309 573 quam
1331 505 1481 554 faustus
1498 505 1583 554 fue-

175 575 231 618 rit
267 584 336 619 tot
366 575 532 634 Regnis
563 573 677 617 dics.
719 579 936 618 Omnium
957 606 972 626 ,
1010 575 1114 620 mihi
1144 577 1305 626 credite
1331 612 1345 632 ,
1380 578 1468 626 haec
1498 596 1581 626 una

179 646 261 689 erit
296 646 464 690 oratio:
503 641 832 711 prospicientia,
861 643 1107 699 beneficio,
1138 664 1317 694 munere
1345 650 1580 716 providen-

177 713 321 762 tiffimi
335 748 350 769 ,
369 718 527 782 optimi
545 747 558 768 ,
587 713 1054 784 munificentiffiinique
1072 721 1226 782 Regis,
1243 733 1474 767 momento
1496 719 1581 768 sors

178 786 282 833 dura
304 820 318 840 ,
358 800 483 854 atque
525 785 661 854 aspera
694 784 954 835 afflictorum
977 822 990 842 2
1037 793 1355 859 jacentiumque
1387 791 1580 853 sublata3

179 857 434 906 confirmata
463 857 627 927 publica
654 862 802 926 quie53
830 863 974 907 anetus
1003 861 1305 910 incredibilem
1330 867 1374 910 in
1400 864 1582 912 modum

177 947 382 977 numerus
404 933 614 991 Civium3
649 932 734 979 dati
754 966 767 985 ,
801 935 873 1000 qui
916 936 1071 1001 pietate
1095 967 1108 987 ³
1138 933 1276 981 studio
1297 969 1310 990 ,
1341 953 1489 984 amore
1519 940 1579 983 in-

174 1000 377 1050 dustriam
413 1002 670 1072 Reipublicae
704 1004 815 1051 suam
837 1039 851 1058 ‚
882 1004 1149 1070 diligentiam
1173 1040 1187 1060 ,
1220 1024 1398 1075 operam
1419 1042 1432 1062 2
1467 1007 1582 1055 labo-

177 1092 359 1142 remque
392 1076 630 1142 praestarent
652 1111 663 1122 .
702 1075 919 1146 Respicite
939 1111 951 1130 0
987 1078 1129 1145 quoad
1164 1078 1412 1143 longissime
1442 1080 1582 1150 potest

174 1164 296 1193 mens
323 1148 488 1208 vestra5
526 1146 721 1217 respicite
745 1182 758 1201 ‚
793 1152 966 1216 inquam
985 1182 999 1202 a
1036 1149 1161 1219 spatia
1188 1155 1390 1218 praeteriti
1419 1166 1587 1220 tempo·

172 1223 228 1265 ris
247 1252 260 1273 ‚
285 1222 633 1287 memoriamque
655 1220 951 1267 recordemini
979 1221 1178 1268 ultimam
1204 1225 1375 1286 Regum
1401 1222 1585 1292 superio·

175 1309 271 1338 rum
289 1325 303 1346 ‚
338 1306 464 1360 atque
494 1290 592 1339 inde
612 1289 740 1360 usque
771 1306 1016 1361 repetentes
1037 1294 1343 1358 investigatote
1359 1329 1372 1350 ,
1395 1296 1513 1343 ullius
1532 1312 1586 1343 ne

175 1381 384 1431 umquam
413 1382 566 1412 eorum
601 1377 671 1412 aut
707 1365 939 1433 praeclarius
975 1365 1136 1414 eodem
1169 1369 1211 1412 in
1247 1384 1405 1430 genere
1434 1370 1584 1415 extite-

174 1439 229 1483 rit
268 1435 465 1496 facinus3
500 1450 569 1483 aut
597 1437 750 1498 justitia
773 1471 787 1491 ,
813 1440 1011 1504 aequitate
1033 1471 1046 1491 ,
1079 1436 1361 1486 beneficentia
1393 1439 1580 1507 pleni'us3

173 1519 244 1554 aut
278 1508 396 1575 quod
429 1506 627 1554 conferre
663 1508 751 1576 plus
793 1508 845 1555 ad
877 1526 1158 1556 communem
1195 1511 1581 1579 tranquillitatem,

172 1578 350 1626 salutem
380 1612 394 1633 ‚
421 1577 759 1648 felicitatemque
783 1578 908 1647 poffit
929 1616 940 1628 .
980 1585 1192 1650 Receptas
1219 1585 1260 1628 in
1288 1584 1468 1646 gratiam
1493 1583 1583 1630 bar-

174 1650 292 1698 baras
313 1665 464 1716 gentes
495 1651 547 1699 ab
574 1650 827 1699 Theodosio
854 1656 1024 1717 Magno
1043 1687 1057 1707 2
1091 1652 1230 1721 eisque
1263 1653 1475 1718 adsignata
1509 1673 1583 1723 op·

173 1723 270 1793 pida
291 1758 304 1778 ,
335 1724 539 1792 agrosque
568 1722 722 1771 divisos
752 1728 1020 1793 accepimus:
1054 1726 1221 1772 Multos
1249 1725 1300 1773 ab
1325 1727 1412 1773 aliis
1433 1731 1578 1791 gravi,

174 1796 367 1860 longoye
395 1795 572 1844 servitio
589 1796 752 1843 levatos
774 1831 786 1850 ,
804 1795 1044 1864 solutosque
1065 1796 1185 1844 fuisse
1203 1796 1379 1846 scimus:
1408 1802 1470 1846 At
1488 1802 1579 1846 vim

176 1881 266 1915 tam
302 1885 505 1932 magnam
540 1901 554 1921 ,
606 1866 1015 1935 multitudinemque
1057 1867 1278 1916 servorum
1309 1888 1328 1915 a
1359 1887 1578 1937 quoquam

175 1939 369 1987 emissam
399 1956 525 1986 manu
543 1973 557 1993 ‚
594 1941 720 2006 inque
741 1941 979 1985 Civitatem
1002 1972 1015 1992 ,
1035 1950 1156 1985 tanto
1181 1940 1439 2007 Reipublicae
1457 1957 1578 1988 com-

173 2011 312 2060 modo
334 2045 348 2066 ,
380 2021 424 2060 δε
445 2011 746 2058 emolumento
765 2044 778 2064 ‚
813 2009 1064 2079 perduCtam
1093 2043 1107 2064 2
1143 2022 1212 2059 aut
1244 2009 1475 2079 nusquam,
1507 2025 1578 2060 aut

173 2087 244 2132 vix
274 2083 431 2153 uspiam
467 2083 649 2148 legimus
669 2116 683 2130 .

299 2156 380 2204 Sed
403 2156 576 2224 quando
595 2167 775 2203 ventum
808 2155 860 2203 ad
878 2159 962 2218 ejus
981 2152 1323 2225 prospicientiam
1343 2158 1402 2204 est
1419 2190 1431 2210 ,
1462 2174 1574 2223 quae-

174 2227 220 2275 so
253 2263 268 2284 ,
303 2228 510 2277 attendite
545 2263 559 2282 2
599 2242 645 2276 ut
677 2226 806 2274 socias
839 2226 939 2275 huic
974 2241 1184 2297 perpetuo
1229 2228 1573 2292 magnitudinem

175 2304 338 2355 animi,
372 2299 705 2353 liberalitatem,
740 2300 1097 2367 diligentiamque
1131 2299 1318 2354 addens,
1358 2299 1571 2354 consilio,

174 2373 371 2424 industria
394 2408 407 2430 2
450 2392 549 2422 cura
574 2407 588 2429 ‚
631 2391 758 2443 opera
778 2407 794 2428 2
831 2374 1027 2438 largitate
1066 2373 1288 2421 constituta
1316 2407 1330 2428 2
1371 2373 1534 2422 firmata
1555 2398 1574 2426 ,ν

944 2443 971 2491 b
1014 2462 1034 2503 3
1468 2461 1570 2492 con-
