1971 3126
387 324 494 372 ferat
525 358 536 371 .
578 324 825 388 Diligenter
877 317 1011 367 effodi
1047 336 1229 388 corpora
1271 317 1398 366 ruinis
1434 314 1695 386 sepultorum
1731 322 1797 380 ju·

384 396 460 444 bet
497 431 511 451 ,
551 405 594 445 ὃς
634 395 664 443 fi
695 413 801 464 quos
848 410 1003 441 eorum
1033 394 1154 438 vivos
1200 390 1324 439 educi
1361 391 1597 454 contigerit
1627 424 1641 443 ‚
1673 387 1798 437 sacris

385 472 652 538 poenitentiae
689 471 876 537 primum
910 483 933 511 a
960 463 1254 511 Sacerdotibus
1281 465 1437 531 expiari
1456 480 1470 523 3
1509 479 1615 515 mox
1651 480 1706 508 eo
1740 460 1796 509 as-

384 547 548 610 portari
568 540 750 594 faciant,
769 538 840 586 ubi
865 536 1105 584 commode
1123 539 1260 583 curari
1275 534 1429 605 poffint
1451 570 1462 582 .
1483 537 1645 581 Monet
1666 537 1799 581 etiam

385 625 513 680 atque
542 616 671 661 etiam
689 647 703 667 ‚
731 625 827 660 tuto
860 624 906 654 ut
937 608 986 653 sit
1003 612 1238 669 Virginum
1266 608 1525 656 devotarum
1543 608 1761 668 integritas
1778 639 1792 659 ‚

389 693 435 733 ὅς
464 685 618 747 religio
651 717 663 728 .
695 685 838 729 Cavet
860 713 874 732 2
924 696 978 726 ne
1012 695 1034 724 a
1066 695 1287 746 quoquam
1323 680 1530 725 temerari
1565 680 1688 722 Sacra
1725 695 1796 745 pa·

385 759 574 804 tiantur.
603 757 790 823 Imperat
826 750 925 798 inde
964 750 1126 804 militi,
1162 763 1209 797 ut
1235 750 1418 814 vigilet,
1449 748 1792 817 provideatque,

391 845 447 874 ne
470 831 581 894 qua(
601 840 647 874 ut
674 829 719 872 in
755 823 928 894 publico
958 820 1194 870 infortunio
1231 821 1425 869 accidere
1449 821 1700 889 plerumque
1730 819 1790 867 so-

384 900 477 961 let)
515 899 740 946 latrocinia
768 897 872 943 fiant
903 930 917 950 ,
955 912 1008 942 ne
1043 899 1115 962 qui
1142 898 1323 962 impetus
1358 928 1373 948 ,
1410 911 1462 939 ne
1495 911 1575 959 qua
1608 892 1789 940 seditio.

383 975 475 1018 Dat
505 973 738 1035 negocium
765 967 1035 1021 vectoribus,
1070 980 1116 1014 ut
1148 965 1259 1013 unde
1293 964 1404 1013 unde
1425 964 1579 1034 possint
1609 964 1789 1019 cibaria,

383 1043 520 1090 vestes
539 1077 553 1097 ,
586 1045 813 1090 materiam
844 1052 1158 1109 comportent,
1197 1055 1250 1085 ne
1280 1037 1385 1106 quid
1416 1040 1548 1091 Civi,
1586 1036 1704 1104 quod
1738 1036 1791 1084 ad

381 1117 515 1163 vitam
548 1113 858 1163 sustentandam
894 1110 1123 1166 conferat,
1149 1110 1291 1158 deesse
1333 1109 1555 1158 videatur.
1603 1108 1788 1173 Agenda

383 1200 504 1235 erant
529 1205 616 1235 uno
642 1202 846 1254 tempore
867 1188 1016 1232 omnia
1037 1205 1044 1230 :
1080 1182 1348 1231 Procuranda
1380 1186 1504 1229 Sacra
1530 1203 1539 1228 ε
1583 1182 1791 1245 Collegiis

381 1263 618 1324 Virginum
648 1257 980 1306 consulendum:
1007 1253 1276 1303 Extrahenda
1308 1274 1361 1302 ex
1390 1257 1553 1302 acervis
1587 1253 1792 1301 ruderum

381 1349 564 1401 corpora
596 1353 605 1379 :
639 1328 947 1379 Construendae
975 1348 997 1374 e
1033 1327 1180 1376 tabulis
1209 1326 1307 1375 casae
1340 1361 1354 1381 ‚
1395 1345 1448 1374 ne
1485 1329 1557 1394 qui
1599 1324 1671 1373 sub
1716 1325 1791 1372 dio

379 1422 554 1452 manere
584 1417 845 1468 cogerentur
866 1424 873 1449 :
896 1399 1198 1449 Convehenda
1217 1400 1403 1467 denique
1422 1433 1438 1452 ‚
1460 1397 1667 1468 paranda,
1697 1415 1792 1467 per-

377 1476 560 1524 ficienda
585 1493 862 1544 quaecumque
900 1472 1143 1521 conducere
1182 1471 1528 1520 existimabantur
1558 1470 1675 1539 poffe
1696 1503 1709 1524 2
1744 1482 1791 1517 ut

377 1549 667 1595 incolumitati
703 1548 854 1615 Populi
887 1543 1194 1614 prospiceretur
1229 1577 1243 1596 ,
1272 1542 1445 1611 opisque
1495 1542 1646 1587 solatio
1680 1541 1791 1591 τοὶς,

378 1620 553 1667 rabilior
581 1618 740 1666 miseris
772 1619 875 1666 esset
905 1630 1078 1685 accepta
1114 1616 1356 1663 calamitas.
1396 1610 1521 1661 Nihil
1538 1612 1789 1676 neglecium

378 1693 470 1753 est5
511 1690 620 1739 nihil
647 1690 784 1738 defuit
812 1724 824 1737 .
866 1688 1061 1737 Perfecta
1092 1707 1157 1736 res
1185 1690 1326 1735 omnis
1358 1686 1435 1734 fuit
1466 1683 1750 1732 humanissimi
1775 1719 1789 1739 ‚

376 1761 824 1835 providentiffimique
861 1765 996 1825 Regis
1034 1779 1184 1808 amore
1204 1795 1217 1814 ,
1252 1759 1501 1822 vigilantia,
1534 1775 1631 1804 cura
1660 1791 1673 1811 ,
1704 1760 1787 1805 im-

377 1839 501 1907 perio
516 1870 529 1891 ,
550 1835 659 1883 adeo
685 1848 734 1883 ut
751 1852 883 1882 nemo
910 1832 1143 1901 quidquam
1165 1831 1379 1896 agendum
1401 1828 1473 1878 fibi
1493 1842 1661 1899 putaret
1684 1829 1785 1884 effe,

377 1913 485 1976 quin
522 1912 610 1971 ejus
638 1921 790 1955 nutum
823 1910 1090 1958 intueretur,
1123 1908 1190 1951 cui
1207 1903 1479 1969 summopere
1508 1904 1579 1949 uni
1611 1901 1788 1949 salutem

382 1984 582 2028 Civitatis
614 2015 628 2029 ,
662 1983 855 2043 quictem
884 2010 898 2029 ‚
934 1976 1171 2022 commoda
1200 1972 1482 2042 antiquissima
1515 2008 1528 2028 ‚
1563 1987 1687 2042 atque
1718 1992 1786 2021 ca-

380 2048 538 2098 riffima
568 2047 650 2096 effe
680 2048 954 2116 comperisset
985 2083 996 2094 .
1027 2045 1184 2095 Adsint
1212 2047 1347 2094 modo
1369 2081 1383 2102 ‚
1409 2049 1480 2114 qui
1520 2046 1787 2093 Valentinia-

377 2140 457 2171 nos
490 2156 504 2175 ‚
541 2125 616 2188 qui
651 2117 928 2167 Theodofios
962 2152 975 2173 ,
1009 2123 1080 2187 qui
1114 2122 1360 2168 Marcianos
1397 2116 1581 2165 Caesares
1627 2121 1785 2166 merito

377 2193 642 2242 admirantur
663 2228 673 2239 .
712 2191 938 2240 Proferant
971 2210 1022 2238 ex
1041 2195 1209 2258 privatis
1228 2226 1241 2246 ³
1261 2187 1519 2260 publicisque
1539 2189 1686 2238 tabulis
1708 2190 1781 2236 ali-

376 2265 483 2334 quid
500 2300 514 2320 ,
547 2283 603 2313 ex
633 2283 722 2333 quo
743 2264 928 2328 intelligi
946 2263 1071 2334 possit
1089 2299 1102 2317 ,
1122 2264 1211 2334 plus
1224 2263 1444 2332 quidpiam
1461 2281 1533 2310 eos
1550 2261 1778 2332 praestitisse

375 2337 673 2386 salvandarum
691 2340 935 2385 Civitatum
954 2372 967 2392 ,
987 2337 1056 2384 vel
1078 2336 1269 2384 levandae
1290 2335 1434 2389 cladis,
1451 2333 1781 2402 calamitatisque

374 2410 552 2480 publicat
581 2410 713 2460 caussa
732 2446 743 2459 .
764 2412 873 2460 Non
901 2411 961 2461 est
977 2444 991 2466 2
1009 2427 1099 2459 non
1122 2411 1182 2460 est
1197 2444 1213 2467 ,
1233 2406 1342 2459 mihi
1358 2407 1519 2458 credite
1532 2442 1546 2464 2
1563 2406 1783 2477 quidpiam

1697 2495 1785 2527 ma-
