1971 3126
722 212 791 280 »ἑο
831 213 878 266 V
910 210 1021 281 0&

149 292 519 362 arbitrarer
536 348 551 362 .
587 296 780 377 Quid
802 300 985 367 enirn
1005 298 1419 371 laudationis
1444 306 1565 372 tri-·

152 395 399 462 butum
421 394 606 461 Patri
624 399 780 465 Tuo
809 400 919 482 fit,
952 401 1138 484 quod
1171 426 1310 470 non
1337 403 1561 486 priva-

152 496 284 563 tim
317 493 401 561 ad
434 497 534 562 Te
564 497 937 581 pertineat,
972 525 1180 585 quam
1228 528 1368 570 non
1420 520 1565 569 tam

156 599 511 667 avitorum
541 649 559 676 ,
613 596 1377 684 florentiffimorumque
1427 607 1564 669 ¹Re-

157 722 449 784 gnorum
484 695 819 766 haeredem
851 753 869 782 ,
916 722 1124 783 quam
1162 700 1526 782 expressam
1551 738 1573 779 ,κ

158 801 539 883 vivamque
572 797 931 883 reliquerit
963 799 1411 882 praecellentis
1436 798 1569 867 vir-

162 899 331 966 tutis
357 897 485 966 suae
505 899 893 983 imaginenu
919 924 1207 984 quaeque
1227 900 1414 968 ultro
1433 897 1572 983 pol-

166 998 444 1080 liceare,
478 997 696 1082 ipsum
720 998 897 1083 apud
930 999 1227 1084 posteros
1259 1023 1397 1066 non
1422 997 1569 1081 plus

161 1098 359 1165 rebus
393 1099 477 1166 ab
500 1124 580 1166 eo
607 1099 962 1182 magnifice
985 1093 1212 1183 gestis}
1248 1121 1457 1182 quam
1474 1100 1576 1169 Te

161 1198 334 1266 Filia
380 1198 642 1267 clarum
695 1225 772 1267 ac
819 1199 1153 1267 celebrem
1203 1198 1516 1266 futurum
1547 1199 1577 1264 3-

164 1300 413 1383 Neque
432 1325 598 1368 Vero
629 1298 993 1384 quisquam
1020 1298 1336 1382 promitti
1366 1297 1433 1365 id
1455 1297 1579 1366 abs·

166 1406 268 1472 Te
298 1399 527 1482 nobiS,
566 1398 955 1482 deferrique
988 1396 1343 1479 negaverit
1373 1396 1470 1477 ,-fi
1504 1421 1579 1464 ea

164 1502 268 1569 Te
295 1517 438 1566 tam
464 1497 784 1582 praeclara
809 1497 1044 1578 initia,
1079 1521 1155 1564 ac
1179 1494 1582 1576 fundamen--

167 1618 240 1668 ta
262 1598 626 1684 regnandi,
659 1595 922 1666 summa
955 1596 1268 1666 omniurn
1298 1595 1587 1664 admira-

172 1704 399 1786 tione,
432 1718 641 1785 atque
674 1699 917 1767 laetitia
950 1697 1114 1782 poni
1138 1714 1407 1778 cernat,
1440 1694 1588 1781 qui-

178 1800 300 1869 bus
332 1799 724 1870 &leniatur
746 1798 1126 1882 praecipuus
1157 1822 1238 1865 ex
1268 1796 1444 1864 tanti
1465 1800 1588 1863 Re-

172 1900 270 1984 gis
303 1899 593 1968 interitu
627 1917 943 1982 acceptus
965 1897 1165 1965 dolor
1180 1922 1197 1974 3
1231 1897 1303 1965 ὃς
1325 1914 1479 1963 orta
1500 1892 1584 1961 de

173 2004 276 2070 Te
293 2000 557 2084 egregia
577 1998 993 2084 populorum
1014 1996 1254 2082 opinio
1272 2021 1411 2065 non
1435 2019 1590 2062 con-

176 2102 489 2171 firmetur
512 2099 732 2169 solum
750 2155 767 2182 ,
800 2097 908 2167 sed
932 2097 1141 2166 etiam
1165 2094 1592 2180 duplicetur?

179 2204 367 2270 Nam
398 2202 510 2270 cui
535 2202 755 2270 Pietas
780 2200 850 2268 in
876 2203 1103 2268 Deum
1123 2253 1141 2282 ,
1168 2195 1593 2277 humanitaS,

177 2302 504 2385 comitaS,
537 2328 677 2370 uno
711 2299 927 2369 verbo
958 2299 1182 2368 Virtus
1208 2351 1226 2379 ,
1259 2318 1469 2380 quam
1503 2291 1592 2360 sa-

183 2424 270 2497 ne
295 2401 703 2501 *fingularem
734 2425 870 2486 prae
901 2402 1004 2469 Te
1033 2403 1169 2485 jam
1203 2395 1361 2466 inde
1394 2419 1432 2463 a
1464 2390 1594 2477 pri-

354 2516 379 2542 *
1481 2503 1595 2548 ma
